2790 4178
410 313 596 364 ursaceus
619 314 669 362 on
693 312 932 364 ounroumus.
1131 303 1172 366 17

172 507 239 549 esse
257 507 354 546 unum
372 487 566 565 eloquentiae
581 487 712 561 vultum,
728 487 783 546 sed
800 486 834 544 in
853 485 918 545 illis
940 505 1071 563 quoque,
1094 505 1172 562 quos

171 593 290 669 vocatis
315 593 470 670 antiquos,
492 593 597 669 plures
623 591 740 668 species
762 590 963 669 deprehendi,
984 609 1040 650 neo
1064 591 1172 650 statim

172 699 308 759 deterius
323 717 391 758 esse
406 698 488 774 quod
503 699 662 758 diversum
680 702 736 771 est,
752 697 831 756 vitio
845 701 950 755 autern
964 695 1171 772 malignitatis

171 805 325 864 humanae
340 809 446 862 vetera
467 821 588 879 semper
609 802 643 860 in
663 802 765 876 laude,
787 799 1019 878 praesentiam
1040 801 1172 861 fastidio

171 928 247 969 esse.
289 910 375 968 Num
392 908 571 967 dubitamus
589 907 743 982 inventos,
764 906 818 983 qui
840 905 952 965 Porcio
974 906 1091 966 Catone
1109 905 1199 982 Ap5

171 1014 258 1091 pium
273 1014 405 1074 Caecum
421 1012 521 1089 magis
538 1012 751 1071 mirarentur?
795 1011 877 1071 Satis
896 1016 1019 1070 constat
1033 1029 1072 1069 ne
1087 1011 1172 1071 Cice-

171 1119 240 1177 roni
268 1118 394 1195 quidem
422 1118 646 1178 obtrectatores
674 1116 821 1191 defuisse,
848 1116 962 1192 quibus
987 1114 1114 1175 inflatus
1139 1121 1172 1175 et

170 1229 294 1284 tumens
319 1242 375 1282 nec
400 1222 477 1283 satis
502 1241 636 1299 pressus,
661 1222 716 1282 sed
740 1240 835 1298 supra
859 1220 984 1278 modum
1010 1220 1170 1280 exsultans

171 1333 203 1388 et
231 1327 424 1405 superfluens
456 1333 488 1386 et
515 1346 625 1404 pamm
654 1325 781 1385 Atticus
809 1325 975 1384 videretur.
1032 1325 1169 1400 Legistis
1212 1382 1217 1387 .

170 1433 280 1510 utique
299 1438 331 1491 et
350 1432 439 1493 Calvi
460 1437 492 1491 et
512 1432 603 1490 Bruti
624 1432 663 1490 ad
681 1431 861 1490 Ciceronem
880 1429 992 1489 missas
1009 1429 1170 1506 epistulas,
1185 1450 1212 1495 1c

171 1556 210 1596 ex
229 1537 342 1614 quibus
359 1536 454 1596 facile
473 1542 521 1596 est
538 1536 778 1613 deprehendere,
795 1534 925 1595 Calvum
946 1534 1073 1610 quidem
1087 1535 1171 1594 Oice-

171 1643 240 1702 roni
253 1643 356 1703 visum
371 1661 559 1718 exsanguem
574 1647 606 1701 et
622 1642 752 1715 aridum,
766 1642 898 1699 Brutum
914 1646 1019 1699 autem
1034 1640 1170 1699 otiosum

171 1754 264 1825 atque
286 1748 479 1822 diiunctum,
503 1765 671 1823 rursusque
690 1746 868 1806 Ciceronem
891 1745 1020 1806 aOalvo
1043 1745 1170 1821 quidem

171 1853 252 1912 male
280 1853 404 1912 audisse
432 1858 591 1929 tamquam
621 1852 758 1911 solutum
787 1855 819 1909 et
846 1868 1000 1922 enervem,
1025 1868 1044 1908 a
1071 1851 1170 1909 Bruto

170 1962 284 2031 autem,
309 1963 345 2016 ut
373 1958 471 2034 ipsius
495 1956 599 2016 verbis
626 1962 707 2030 utar,
732 1962 892 2031 tamquam
913 1943 1048 2029 fructum
1076 1960 1212 2031 atque15

170 2065 321 2121 elumbem.
385 2062 417 2120 Si
449 2081 498 2121 me
529 2062 709 2136 interroges,
741 2079 847 2119 omnes
881 2060 991 2140 [mihi]
1024 2059 1170 2118 videntur

170 2186 278 2226 verum
293 2167 424 2242 dixisse3
447 2169 500 2227 sed
521 2187 593 2225 mox
611 2168 651 2225 ad
673 2166 811 2242 singulos
833 2165 966 2241 veniam,
987 2184 1070 2224 nunc
1090 2165 1169 2223 mihi

170 2291 239 2330 cum
260 2272 415 2332 universis
437 2273 596 2347 negotium
618 2278 674 2331 est.

210 2376 257 2438 19.
288 2379 396 2451 ‘Nam,
426 2383 579 2454 quatenus
614 2377 812 2453 antiquorum
847 2375 1051 2436 admiratores
1086 2376 1169 2434 hunc

172 2482 259 2540 velut
271 2483 440 2542 terminum
452 2482 652 2558 antiquitatis
668 2482 857 2540 constituere
873 2481 983 2555 solent,
999 2480 1053 2558 qui
1069 2499 1167 2556 usque
1182 2495 1212 2540 20

172 2586 212 2645 ad
233 2587 374 2647 Cassium
398 2587 545 2646 Severum
562 2586 584 2664 [.
602 2631 608 2643 .
625 2632 631 2643 .
648 2586 798 2666 faciunt],
821 2604 911 2662 quern
930 2585 1065 2662 primurn
1080 2585 1170 2643 adfir-

171 2696 259 2750 mant
269 2691 393 2751 flexisse
402 2692 441 2751 ab
452 2691 509 2750 illa
520 2696 623 2749 vetere
636 2691 745 2769 [atque
755 2690 890 2769 directa]
902 2690 1026 2748 dicendi
1036 2689 1097 2762 via,
1106 2709 1169 2747 non

169 2791 353 2851 infirmitate
368 2792 486 2867 ingenii
501 2810 558 2850 nec
573 2792 699 2850 inscitia
720 2791 896 2850 litterarum
917 2791 1116 2850 transtulisse
1136 2810 1168 2850 se

169 2897 209 2955 ad
223 2896 310 2956 aliud
324 2896 449 2955 dicendi
464 2915 561 2971 genus
576 2896 738 2969 contenda
751 2896 806 2955 sed
820 2895 936 2954 iudicio
950 2900 982 2954 et
995 2895 1166 2956 intellectu.

169 3001 259 3061 Vidit
283 3019 426 3077 namque,
450 3006 484 3059 ut
505 3000 598 3077 paulo
620 3006 692 3059 ante
717 3000 867 3074 dicebam,
897 3019 967 3058 cunr
987 3000 1209 3060 condicionem

168 3112 343 3183 temporum
359 3112 390 3165 et
405 3106 588 3165 diversitate
610 3106 731 3165 aurium
745 3106 879 3164 formam
900 3124 1023 3183 quoque
1044 3125 1080 3165 ac
1102 3124 1168 3182 spe-

168 3212 248 3271 ciem
265 3210 415 3270 orationis
436 3229 503 3270 esse
525 3211 715 3270 mutandam.
758 3211 863 3270 Facile
885 3211 1063 3287 perferebat
1082 3211 1167 3288 prior

167 3316 222 3375 ille
237 3317 371 3393 populus
385 3322 421 3375 ut
435 3316 599 3393 imperitus
614 3322 645 3375 et
660 3316 747 3375 rudis
768 3315 1081 3392 impeditissimarum
1104 3334 1167 3375 ora

167 3422 289 3481 tionum
304 3421 415 3498 spatia,
431 3426 524 3498 atque
544 3421 576 3479 id
598 3421 700 3498 ipsum
722 3421 879 3494 laudabat,
895 3421 921 3480 si
943 3421 1074 3481 dicendo
1095 3421 1166 3498 quis

168 3527 248 3586 diem
266 3527 423 3586 eximeret.
467 3528 535 3586 Iam
556 3546 629 3585 vero
650 3527 742 3601 longa
759 3527 984 3604 principiorum
1005 3545 1166 3604 praepara
1179 3543 1208 3589 30

167 3633 213 3691 tic
227 3637 259 3690 et
272 3631 486 3691 narrationum
501 3632 564 3691 alte
582 3632 716 3709 repetita
736 3632 832 3692 series
847 3638 879 3691 et
899 3632 1069 3692 multarum
1090 3633 1166 3692 divi-

168 3734 290 3797 sion'um
326 3737 494 3797 ostentatio
528 3743 559 3797 et
594 3736 680 3796 mille
709 3742 961 3812 argumentorum
992 3738 1106 3814 gradus
1134 3743 1166 3798 et
