2790 4178
403 328 587 379 ninuoous
611 328 660 377 nu
685 326 926 378 oaAroamus
1146 319 1166 381 9

163 504 278 562 nedum
296 507 333 562 ut
348 521 404 579 per
420 506 468 561 tot
485 501 661 579 provincias
679 501 870 576 innotescat,
894 504 1008 578 quotus
1022 500 1164 579 quisque,

162 627 234 667 cum
261 626 300 666 ex
327 606 484 684 Hispania
506 607 557 665 vel
583 606 660 666 Asia
683 605 735 684 (ne
761 607 837 683 quid
864 607 902 665 de
925 606 1027 667 Gallis
1048 607 1165 666 nostris

162 713 286 794 loquar)
302 713 336 771 in
355 713 463 772 urbem
478 711 574 790 venit,
591 711 730 771 Saleium
745 712 878 771 Bassum
892 711 1049 788 requirit?
1071 716 1164 788 atque

163 819 240 878 adeo
262 818 289 878 si
309 817 380 895 quis
401 817 542 895 requirit,
557 822 593 876 ut
609 817 703 876 semel
719 816 810 890 vidit,
825 816 941 876 transit
955 820 987 875 et
1001 821 1164 874 contentus

163 929 219 998 est,
235 929 270 982 ut
285 923 312 983 si
329 923 490 1000 picturam¹
503 921 641 999 aliquam
657 921 707 980 vel
722 927 858 981 statuam
873 920 1012 980 vidisset,
1054 921 1188 996 Nequeo

163 1029 246 1088 hunc
261 1047 363 1086 meum
379 1046 548 1088 sermonem
573 1028 618 1087 sic
639 1025 739 1103 accipi
754 1027 833 1101 volu,
848 1031 1009 1103 tamquam
1024 1044 1085 1099 eos,
1101 1025 1166 1101 qui·

163 1134 221 1194 bus
248 1139 361 1212 natura
389 1152 445 1192 sua
472 1131 643 1192 oratorium
673 1119 830 1206 ingenium
862 1130 1037 1206 denegavit,
1066 1131 1165 1189 deter-

164 1257 248 1297 ream
276 1257 295 1297 a
322 1237 521 1312 carminibus,
552 1237 579 1296 si
606 1236 698 1295 modo
726 1236 760 1294 in
787 1235 845 1294 hac
873 1235 1048 1294 studiorum
1075 1240 1164 1311 parte

164 1344 318 1402 oblectare
333 1343 430 1401 otium
449 1348 481 1401 et
499 1360 612 1400 nomen
632 1342 768 1399 inserere
793 1344 924 1417 possunt
945 1340 1056 1400 famae.
1098 1341 1165 1414 Ego

164 1467 237 1507 vero
256 1435 378 1506 omnem
397 1446 607 1524 eloquentiam
626 1463 795 1522 omnesque
811 1445 877 1505 eius
892 1450 997 1522 partes
1015 1463 1117 1505 sacras
1135 1450 1204 1508 et1o

164 1553 357 1612 venerabiles
371 1558 457 1629 put0,
472 1570 528 1610 nec
543 1551 642 1610 solum
658 1550 844 1609 cothurnum
859 1556 997 1609 vestrum
1013 1553 1067 1608 aut
1080 1549 1167 1608 herc

164 1658 205 1716 ici
220 1657 367 1717 carminis
386 1676 505 1729 sonum,
526 1656 582 1715 sed
602 1655 772 1733 lyricorum
794 1673 917 1732 quoque
938 1653 1164 1713 iucunditatem

112 1756 116 1762 ’
164 1768 196 1822 et
215 1763 372 1837 elegorum
388 1761 534 1821 lascivias
549 1766 581 1819 et
600 1760 773 1819 iamborum
794 1760 1035 1819 amaritudinem
1052 1764 1084 1818 et
1105 1759 1166 1835 epi-

112 1920 122 1932 ,
165 1872 372 1944 grammatum
394 1866 482 1926 lusus
507 1871 540 1924 et
567 1883 793 1942 quamcumque
822 1864 916 1923 aliam
945 1864 1079 1941 speciem
1107 1863 1167 1920 elo-

166 1972 295 2048 quentia
321 1971 444 2046 habeat,
473 1970 722 2047 anteponendam
751 1969 863 2028 ceteris
890 1969 1022 2028 aliarum
1051 1968 1165 2026 artium
1176 1987 1204 2030 15

165 2076 279 2136 studiis
294 2076 393 2135 credo.
438 2076 499 2135 Sed
518 2082 621 2134 tecum
643 2074 730 2148 mihi,
752 2075 905 2148 Materne,
928 2092 977 2133 res
998 2079 1055 2147 est,
1073 2073 1165 2150 quod,

166 2195 236 2236 cum
247 2185 359 2240 natura
369 2187 424 2241 tua
435 2182 468 2240 in
482 2181 583 2258 ipsam
595 2199 696 2240 arcem
707 2180 903 2258 eloquentiae
915 2184 946 2238 te
958 2179 1049 2252 ferat,
1065 2195 1166 2236 errare

166 2282 266 2342 mavis
283 2287 315 2341 et
333 2301 455 2342 summa
470 2281 645 2367 QS
667 2280 701 2338 in
722 2279 892 2339 levioribus
914 2280 1067 2340 subsistis.
1111 2283 1164 2354 Ut,

166 2389 194 2447 si
208 2389 242 2446 in
257 2386 389 2447 Graecia
402 2392 495 2445 natus
510 2403 604 2458 esses,
619 2385 673 2443 ubi
694 2384 831 2444 ludicras
849 2403 972 2462 quoque
987 2391 1070 2445 artes
1084 2404 1167 2444 exer-

166 2511 234 2552 cere
255 2492 422 2552 honestum
437 2495 494 2564 est,
513 2509 548 2549 ac
569 2489 628 2549 tibi
650 2489 824 2549 Nicostrati
846 2489 940 2548 robur
962 2508 997 2549 ac
1012 2491 1094 2549 vires
1116 2490 1205 2554 deico

166 2597 335 2672 dedissent,
351 2615 414 2655 non
427 2583 551 2672 paterer
565 2594 706 2654 inmanes
725 2594 797 2654 illos
817 2595 905 2654 etad
923 2613 1060 2671 pugnam
1077 2600 1167 2654 natos

167 2703 299 2762 lacertos
320 2701 449 2760 levitate
464 2699 558 2759 iaculi
573 2704 627 2757 aut
645 2699 729 2758 iactu
743 2698 823 2758 disci
836 2717 1011 2773 vanescere,
1027 2700 1071 2758 sic
1085 2717 1167 2758 nunc
1248 2717 1251 2727 ·

127 2797 130 2802 ’
167 2813 198 2866 te
212 2807 251 2866 ab
265 2805 430 2865 auditoriis
446 2811 478 2864 et
496 2803 629 2864 theatris
649 2803 683 2861 in
701 2802 805 2862 forum
820 2808 852 2862 et
869 2803 925 2882 [ad
941 2822 1049 2863 causas
1064 2804 1165 2884 etad]

167 2930 242 2970 vera
265 2910 384 2988 proelia
404 2928 489 2984 voce,
511 2928 581 2968 cum
606 2907 789 2985 praesertim
814 2927 854 2966 ne
878 2909 919 2967 ad
941 2908 1021 2967 illud
1043 2908 1167 2984 quidem

168 3017 334 3091 confugere
354 3015 464 3093 possis,
486 3015 570 3091 quod
590 3013 748 3093 pleiisque
769 3013 990 3090 patrocinatur,
1008 3020 1205 3091 tamquamcs

168 3122 271 3180 minus
292 3120 458 3193 obnoxium
486 3120 528 3180 sit
550 3120 686 3193 offensae
704 3124 877 3196 ¹poetarum
899 3138 991 3197 quam
1012 3124 1168 3178 oratorum

169 3223 315 3282 studium.
366 3222 554 3282 Effervcscit
584 3223 667 3281 enim
699 3223 747 3283 vis
779 3224 1007 3301 pulcherrimae
1038 3229 1168 3284 naturae

168 3333 250 3401 tuae,
272 3345 328 3387 nec
349 3346 405 3404 pro
430 3326 529 3386 amico
554 3327 668 3405 aliquo,
691 3329 754 3402 sed,
776 3330 860 3405 quod
884 3328 1089 3406 periculosius
1111 3335 1168 3403 est,

168 3452 225 3509 pro
244 3433 361 3493 Catone
383 3431 524 3492 offendis.
574 3432 641 3491 Nec
666 3439 832 3494 excusatur
858 3433 978 3495 offensa
1004 3434 1170 3495 necessitu-

169 3537 242 3597 dine
264 3537 356 3597 officii
377 3543 432 3596 aut
448 3537 509 3597 fide
525 3537 738 3598 advocationis
756 3545 811 3598 aut
828 3540 978 3599 fortuitae
997 3546 1030 3599 et
1049 3540 1170 3600 subitae
1181 3559 1210 3604 30

169 3642 315 3703 dictionis
335 3642 469 3720 impetu:
492 3642 661 3703 meditatus
680 3644 798 3704 videris
815 3645 902 3726 [aut]
919 3645 1050 3721 elegisse
1070 3664 1171 3723 perso

169 3765 242 3806 nam
271 3747 440 3807 notabilem
468 3751 593 3806 etcum
626 3747 812 3807 auctoritate
844 3749 1008 3808 dicturam.
1064 3749 1172 3811 Sentio
