<?xml version="1.0" encoding="UTF-8"?>
<!DOCTYPE html PUBLIC "-//W3C//DTD XHTML 1.0 Transitional//EN"
    "http://www.w3.org/TR/xhtml1/DTD/xhtml1-transitional.dtd">
<html xmlns="http://www.w3.org/1999/xhtml" xml:lang="en" lang="en">
 <head>
  <title>
</title>
<meta http-equiv="Content-Type" content="text/html;charset=utf-8" />
  <meta name='ocr-system' content='tesseract 3.04.00' />
  <meta name='ocr-capabilities' content='ocr_page ocr_carea ocr_par ocr_line ocrx_word'/>
</head>
<body>
  <div class='ocr_page' id='page_1' title='image "./dialogusdeorato02gudegoog_0050.png"; bbox 0 0 2790 4178; ppageno 0'>
   <div class='ocr_carea' id='block_1_1' title="bbox 410 306 1169 370">
    <p class='ocr_par' dir='ltr' id='par_1_1' title="bbox 410 306 1169 370">
     <span class='ocr_line' id='line_1_1' title="bbox 410 306 1169 370; baseline 0.004 -3"><span class='ocrx_word' id='word_1_1' title='bbox 410 316 595 367; x_wconf 74' lang='lat' dir='ltr'>Dianoeas</span> <span class='ocrx_word' id='word_1_2' title='bbox 618 317 667 364; x_wconf 81' lang='lat' dir='ltr'>nn</span> <span class='ocrx_word' id='word_1_3' title='bbox 692 315 931 366; x_wconf 70' lang='lat' dir='ltr'>camortinus.</span> <span class='ocrx_word' id='word_1_4' title='bbox 1130 306 1169 370; x_wconf 90' lang='lat'>11</span> 
     </span>
    </p>
   </div>
   <div class='ocr_carea' id='block_1_2' title="bbox 90 489 1207 3818">
    <p class='ocr_par' dir='ltr' id='par_1_2' title="bbox 168 489 1193 1407">
     <span class='ocr_line' id='line_1_2' title="bbox 169 489 1172 570; baseline -0.002 -20"><span class='ocrx_word' id='word_1_5' title='bbox 169 491 352 570; x_wconf 89' lang='lat' dir='ltr'>praecipuos</span> <span class='ocrx_word' id='word_1_6' title='bbox 380 490 552 549; x_wconf 90' lang='lat' dir='ltr'>carminum</span> <span class='ocrx_word' id='word_1_7' title='bbox 585 489 708 548; x_wconf 78' lang='lat' dir='ltr'>fructus</span> <span class='ocrx_word' id='word_1_8' title='bbox 743 507 912 562; x_wconf 84' lang='lat' dir='ltr'><strong>numerem,</strong></span> <span class='ocrx_word' id='word_1_9' title='bbox 937 489 1021 566; x_wconf 92' lang='lat' dir='ltr'>quod</span> <span class='ocrx_word' id='word_1_10' title='bbox 1048 508 1111 547; x_wconf 92' lang='lat' dir='ltr'>non</span> <span class='ocrx_word' id='word_1_11' title='bbox 1138 491 1172 548; x_wconf 91' lang='lat' dir='ltr'>in</span> 
     </span>
     <span class='ocr_line' id='line_1_3' title="bbox 170 593 1171 674; baseline -0.004 -18"><span class='ocrx_word' id='word_1_12' title='bbox 170 596 305 674; x_wconf 88' lang='lat' dir='ltr'>strepitu</span> <span class='ocrx_word' id='word_1_13' title='bbox 332 614 389 654; x_wconf 91' lang='lat' dir='ltr'>nec</span> <span class='ocrx_word' id='word_1_14' title='bbox 417 595 545 654; x_wconf 77' lang='lat' dir='ltr'>sedente</span> <span class='ocrx_word' id='word_1_15' title='bbox 574 600 645 653; x_wconf 88' lang='lat' dir='ltr'>ante</span> <span class='ocrx_word' id='word_1_16' title='bbox 674 593 789 653; x_wconf 91' lang='lat' dir='ltr'>ostium</span> <span class='ocrx_word' id='word_1_17' title='bbox 819 593 978 668; x_wconf 74' lang='lat' dir='ltr'>litigatore</span> <span class='ocrx_word' id='word_1_18' title='bbox 1003 612 1060 654; x_wconf 89' lang='lat' dir='ltr'>nec</span> <span class='ocrx_word' id='word_1_19' title='bbox 1088 595 1171 654; x_wconf 92' lang='lat' dir='ltr'>inter</span> 
     </span>
     <span class='ocr_line' id='line_1_4' title="bbox 169 700 1170 776; baseline -0.004 -14"><span class='ocrx_word' id='word_1_20' title='bbox 169 703 275 762; x_wconf 91' lang='lat' dir='ltr'>sordes</span> <span class='ocrx_word' id='word_1_21' title='bbox 291 720 326 761; x_wconf 94' lang='lat' dir='ltr'>ac</span> <span class='ocrx_word' id='word_1_22' title='bbox 341 701 485 760; x_wconf 78' lang='lat' dir='ltr'>lacrimas</span> <span class='ocrx_word' id='word_1_23' title='bbox 506 719 627 759; x_wconf 89' lang='lat' dir='ltr'>reorum</span> <span class='ocrx_word' id='word_1_24' title='bbox 645 704 883 776; x_wconf 90' lang='lat' dir='ltr'>componuntur,</span> <span class='ocrx_word' id='word_1_25' title='bbox 900 700 955 759; x_wconf 91' lang='lat' dir='ltr'>sed</span> <span class='ocrx_word' id='word_1_26' title='bbox 972 700 1090 759; x_wconf 85' lang='lat' dir='ltr'>secedit</span> <span class='ocrx_word' id='word_1_27' title='bbox 1107 700 1170 759; x_wconf 92' lang='lat' dir='ltr'>ani-</span> 
     </span>
     <span class='ocr_line' id='line_1_5' title="bbox 169 803 1169 882; baseline -0.002 -16"><span class='ocrx_word' id='word_1_28' title='bbox 169 826 238 866; x_wconf 92' lang='lat' dir='ltr'>mus</span> <span class='ocrx_word' id='word_1_29' title='bbox 263 807 296 865; x_wconf 93' lang='lat' dir='ltr'>in</span> <span class='ocrx_word' id='word_1_30' title='bbox 315 806 384 865; x_wconf 89' lang='lat' dir='ltr'>loca</span> <span class='ocrx_word' id='word_1_31' title='bbox 406 824 485 882; x_wconf 90' lang='lat' dir='ltr'>pura</span> <span class='ocrx_word' id='word_1_32' title='bbox 512 810 605 882; x_wconf 89' lang='lat' dir='ltr'>atque</span> <span class='ocrx_word' id='word_1_33' title='bbox 634 804 813 862; x_wconf 89' lang='lat' dir='ltr'>innocentia</span> <span class='ocrx_word' id='word_1_34' title='bbox 839 803 1018 881; x_wconf 84' lang='lat' dir='ltr'>fruiturque</span> <span class='ocrx_word' id='word_1_35' title='bbox 1043 805 1169 864; x_wconf 90' lang='lat' dir='ltr'>sedibus</span> 
     </span>
     <span class='ocr_line' id='line_1_6' title="bbox 170 908 1193 987; baseline -0.004 -15"><span class='ocrx_word' id='word_1_36' title='bbox 170 912 274 972; x_wconf 89' lang='lat' dir='ltr'>sacris.</span> <span class='ocrx_word' id='word_1_37' title='bbox 329 911 416 970; x_wconf 89' lang='lat' dir='ltr'>Haec</span> <span class='ocrx_word' id='word_1_38' title='bbox 444 909 640 987; x_wconf 88' lang='lat' dir='ltr'>eloquentiae</span> <span class='ocrx_word' id='word_1_39' title='bbox 669 908 848 985; x_wconf 88' lang='lat' dir='ltr'>primordia,</span> <span class='ocrx_word' id='word_1_40' title='bbox 873 909 950 968; x_wconf 89' lang='lat' dir='ltr'>haec</span> <span class='ocrx_word' id='word_1_41' title='bbox 978 909 1193 986; x_wconf 76' lang='lat' dir='ltr'>penetralia35</span> 
     </span>
     <span class='ocr_line' id='line_1_7' title="bbox 168 1012 1170 1092; baseline -0.002 -18"><span class='ocrx_word' id='word_1_42' title='bbox 168 1015 227 1074; x_wconf 91' lang='lat' dir='ltr'>hoc</span> <span class='ocrx_word' id='word_1_43' title='bbox 255 1015 391 1092; x_wconf 89' lang='lat' dir='ltr'>primum</span> <span class='ocrx_word' id='word_1_44' title='bbox 418 1013 529 1073; x_wconf 88' lang='lat' dir='ltr'>habitu</span> <span class='ocrx_word' id='word_1_45' title='bbox 560 1012 708 1090; x_wconf 91' lang='lat' dir='ltr'>cultuque</span> <span class='ocrx_word' id='word_1_46' title='bbox 736 1012 897 1071; x_wconf 87' lang='lat' dir='ltr'>commoda</span> <span class='ocrx_word' id='word_1_47' title='bbox 924 1012 1107 1073; x_wconf 84' lang='lat' dir='ltr'>mortalibus</span> <span class='ocrx_word' id='word_1_48' title='bbox 1136 1014 1170 1072; x_wconf 90' lang='lat' dir='ltr'>in</span> 
     </span>
     <span class='ocr_line' id='line_1_8' title="bbox 168 1117 1168 1194; baseline 0 -17"><span class='ocrx_word' id='word_1_49' title='bbox 168 1119 226 1179; x_wconf 85' lang='lat' dir='ltr'>illa</span> <span class='ocrx_word' id='word_1_50' title='bbox 246 1125 333 1180; x_wconf 85' lang='lat' dir='ltr'>casta</span> <span class='ocrx_word' id='word_1_51' title='bbox 353 1125 384 1178; x_wconf 91' lang='lat' dir='ltr'>et</span> <span class='ocrx_word' id='word_1_52' title='bbox 405 1119 502 1178; x_wconf 88' lang='lat' dir='ltr'>nullis</span> <span class='ocrx_word' id='word_1_53' title='bbox 527 1123 670 1178; x_wconf 89' lang='lat' dir='ltr'>contacta</span> <span class='ocrx_word' id='word_1_54' title='bbox 690 1117 779 1176; x_wconf 86' lang='lat' dir='ltr'>vitiis</span> <span class='ocrx_word' id='word_1_55' title='bbox 803 1123 930 1194; x_wconf 85' lang='lat' dir='ltr'>pectora</span> <span class='ocrx_word' id='word_1_56' title='bbox 952 1117 1094 1194; x_wconf 81' lang='lat' dir='ltr'>influxit3</span> <span class='ocrx_word' id='word_1_57' title='bbox 1125 1119 1168 1178; x_wconf 84' lang='lat' dir='ltr'>sic</span> 
     </span>
     <span class='ocr_line' id='line_1_9' title="bbox 170 1221 1170 1301; baseline -0.002 -17"><span class='ocrx_word' id='word_1_58' title='bbox 170 1225 295 1284; x_wconf 91' lang='lat' dir='ltr'>oracula</span> <span class='ocrx_word' id='word_1_59' title='bbox 322 1224 538 1301; x_wconf 88' lang='lat' dir='ltr'>loquebantur.</span> <span class='ocrx_word' id='word_1_60' title='bbox 581 1224 672 1281; x_wconf 84' lang='lat' dir='ltr'>Nam</span> <span class='ocrx_word' id='word_1_61' title='bbox 700 1221 839 1282; x_wconf 89' lang='lat' dir='ltr'>lucrosae</span> <span class='ocrx_word' id='word_1_62' title='bbox 867 1221 960 1282; x_wconf 91' lang='lat' dir='ltr'>huius</span> <span class='ocrx_word' id='word_1_63' title='bbox 989 1228 1021 1282; x_wconf 94' lang='lat' dir='ltr'>et</span> <span class='ocrx_word' id='word_1_64' title='bbox 1048 1223 1170 1299; x_wconf 88' lang='lat' dir='ltr'>sangui-</span> 
     </span>
     <span class='ocr_line' id='line_1_10' title="bbox 169 1327 1168 1407; baseline 0 -19"><span class='ocrx_word' id='word_1_65' title='bbox 169 1330 274 1389; x_wconf 89' lang='lat' dir='ltr'>nantis</span> <span class='ocrx_word' id='word_1_66' title='bbox 290 1328 485 1407; x_wconf 89' lang='lat' dir='ltr'>eloquentiae</span> <span class='ocrx_word' id='word_1_67' title='bbox 499 1346 576 1387; x_wconf 88' lang='lat' dir='ltr'>usus</span> <span class='ocrx_word' id='word_1_68' title='bbox 590 1345 696 1386; x_wconf 88' lang='lat' dir='ltr'>recens</span> <span class='ocrx_word' id='word_1_69' title='bbox 712 1332 743 1385; x_wconf 89' lang='lat' dir='ltr'>et</span> <span class='ocrx_word' id='word_1_70' title='bbox 762 1345 801 1385; x_wconf 85' lang='lat' dir='ltr'>ex</span> <span class='ocrx_word' id='word_1_71' title='bbox 817 1327 909 1386; x_wconf 88' lang='lat' dir='ltr'>malis</span> <span class='ocrx_word' id='word_1_72' title='bbox 923 1327 1061 1388; x_wconf 89' lang='lat' dir='ltr'>moribus</span> <span class='ocrx_word' id='word_1_73' title='bbox 1075 1334 1168 1388; x_wconf 90' lang='lat' dir='ltr'>natus</span> 
     </span>
    </p>

    <p class='ocr_par' dir='ltr' id='par_1_3' title="bbox 90 1431 1207 3188">
     <span class='ocr_line' id='line_1_11' title="bbox 90 1431 1207 1511; baseline -0.003 -17"><span class='ocrx_word' id='word_1_74' title='bbox 90 1453 93 1458; x_wconf 91' lang='lat'>·</span> <span class='ocrx_word' id='word_1_75' title='bbox 169 1441 272 1511; x_wconf 88' lang='lat' dir='ltr'>atque,</span> <span class='ocrx_word' id='word_1_76' title='bbox 287 1440 322 1493; x_wconf 93' lang='lat' dir='ltr'>ut</span> <span class='ocrx_word' id='word_1_77' title='bbox 336 1440 371 1493; x_wconf 90' lang='lat' dir='ltr'>tu</span> <span class='ocrx_word' id='word_1_78' title='bbox 386 1433 520 1507; x_wconf 78' lang='lat' dir='ltr'>dicebaS,</span> <span class='ocrx_word' id='word_1_79' title='bbox 536 1431 631 1508; x_wconf 83' lang='lat' dir='ltr'>Aper,</span> <span class='ocrx_word' id='word_1_80' title='bbox 647 1431 681 1490; x_wconf 91' lang='lat' dir='ltr'>in</span> <span class='ocrx_word' id='word_1_81' title='bbox 698 1431 800 1490; x_wconf 90' lang='lat' dir='ltr'>locum</span> <span class='ocrx_word' id='word_1_82' title='bbox 815 1431 871 1490; x_wconf 92' lang='lat' dir='ltr'>teli</span> <span class='ocrx_word' id='word_1_83' title='bbox 891 1437 1040 1508; x_wconf 89' lang='lat' dir='ltr'>repertus.</span> <span class='ocrx_word' id='word_1_84' title='bbox 1084 1434 1169 1493; x_wconf 83' lang='lat' dir='ltr'>Oete</span> <span class='ocrx_word' id='word_1_85' title='bbox 1179 1446 1207 1491; x_wconf 89' lang='lat'>10</span> 
     </span>
     <span class='ocr_line' id='line_1_12' title="bbox 169 1536 1169 1622; baseline 0 -25"><span class='ocrx_word' id='word_1_86' title='bbox 169 1559 237 1598; x_wconf 88' lang='lat' dir='ltr'>rurn</span> <span class='ocrx_word' id='word_1_87' title='bbox 253 1539 332 1597; x_wconf 83' lang='lat' dir='ltr'>felix</span> <span class='ocrx_word' id='word_1_88' title='bbox 347 1538 427 1597; x_wconf 91' lang='lat' dir='ltr'>illud</span> <span class='ocrx_word' id='word_1_89' title='bbox 445 1543 486 1611; x_wconf 90' lang='lat' dir='ltr'>et,</span> <span class='ocrx_word' id='word_1_90' title='bbox 501 1542 536 1595; x_wconf 94' lang='lat' dir='ltr'>ut</span> <span class='ocrx_word' id='word_1_91' title='bbox 555 1554 639 1595; x_wconf 92' lang='lat' dir='ltr'>more</span> <span class='ocrx_word' id='word_1_92' title='bbox 661 1541 769 1595; x_wconf 89' lang='lat' dir='ltr'>nostro</span> <span class='ocrx_word' id='word_1_93' title='bbox 787 1536 906 1613; x_wconf 88' lang='lat' dir='ltr'>loquar,</span> <span class='ocrx_word' id='word_1_94' title='bbox 921 1554 1048 1595; x_wconf 91' lang='lat' dir='ltr'>aureum</span> <span class='ocrx_word' id='word_1_95' title='bbox 1068 1557 1169 1622; x_wconf 82' lang='lat' dir='ltr'>saecu-</span> 
     </span>
     <span class='ocr_line' id='line_1_13' title="bbox 169 1641 1168 1718; baseline 0 -15"><span class='ocrx_word' id='word_1_96' title='bbox 169 1644 234 1703; x_wconf 90' lang='lat' dir='ltr'>lum</span> <span class='ocrx_word' id='word_1_97' title='bbox 259 1650 291 1703; x_wconf 90' lang='lat' dir='ltr'>et</span> <span class='ocrx_word' id='word_1_98' title='bbox 315 1648 471 1702; x_wconf 91' lang='lat' dir='ltr'>oratorum</span> <span class='ocrx_word' id='word_1_99' title='bbox 497 1647 528 1701; x_wconf 89' lang='lat' dir='ltr'>et</span> <span class='ocrx_word' id='word_1_100' title='bbox 553 1641 717 1701; x_wconf 88' lang='lat' dir='ltr'>criminum</span> <span class='ocrx_word' id='word_1_101' title='bbox 746 1641 836 1717; x_wconf 91' lang='lat' dir='ltr'>inops</span> <span class='ocrx_word' id='word_1_102' title='bbox 864 1641 965 1718; x_wconf 89' lang='lat' dir='ltr'>poetis</span> <span class='ocrx_word' id='word_1_103' title='bbox 991 1649 1023 1702; x_wconf 90' lang='lat' dir='ltr'>et</span> <span class='ocrx_word' id='word_1_104' title='bbox 1042 1643 1168 1703; x_wconf 85' lang='lat' dir='ltr'>vatibus</span> 
     </span>
     <span class='ocr_line' id='line_1_14' title="bbox 169 1746 1170 1825; baseline -0.001 -17"><span class='ocrx_word' id='word_1_105' title='bbox 169 1749 356 1822; x_wconf 87' lang='lat' dir='ltr'>abundabat,</span> <span class='ocrx_word' id='word_1_106' title='bbox 378 1748 433 1825; x_wconf 94' lang='lat' dir='ltr'>qui</span> <span class='ocrx_word' id='word_1_107' title='bbox 460 1748 537 1806; x_wconf 91' lang='lat' dir='ltr'>bene</span> <span class='ocrx_word' id='word_1_108' title='bbox 562 1746 648 1805; x_wconf 84' lang='lat' dir='ltr'>facta</span> <span class='ocrx_word' id='word_1_109' title='bbox 675 1751 830 1820; x_wconf 89' lang='lat' dir='ltr'>canerent,</span> <span class='ocrx_word' id='word_1_110' title='bbox 851 1765 914 1805; x_wconf 88' lang='lat' dir='ltr'>non</span> <span class='ocrx_word' id='word_1_111' title='bbox 938 1746 993 1823; x_wconf 90' lang='lat' dir='ltr'>qui</span> <span class='ocrx_word' id='word_1_112' title='bbox 1017 1747 1098 1806; x_wconf 89' lang='lat' dir='ltr'>male</span> <span class='ocrx_word' id='word_1_113' title='bbox 1119 1749 1170 1807; x_wconf 92' lang='lat' dir='ltr'>ad-</span> 
     </span>
     <span class='ocr_line' id='line_1_15' title="bbox 169 1850 1170 1926; baseline -0.002 -13"><span class='ocrx_word' id='word_1_114' title='bbox 169 1854 265 1913; x_wconf 87' lang='lat' dir='ltr'>missa</span> <span class='ocrx_word' id='word_1_115' title='bbox 284 1853 495 1912; x_wconf 82' lang='lat' dir='ltr'>defenderent.</span> <span class='ocrx_word' id='word_1_116' title='bbox 537 1853 605 1911; x_wconf 90' lang='lat' dir='ltr'>Nec</span> <span class='ocrx_word' id='word_1_117' title='bbox 622 1850 696 1910; x_wconf 88' lang='lat' dir='ltr'>ullis</span> <span class='ocrx_word' id='word_1_118' title='bbox 718 1856 773 1910; x_wconf 88' lang='lat' dir='ltr'>aut</span> <span class='ocrx_word' id='word_1_119' title='bbox 792 1850 890 1926; x_wconf 89' lang='lat' dir='ltr'>gloria</span> <span class='ocrx_word' id='word_1_120' title='bbox 909 1850 1007 1910; x_wconf 91' lang='lat' dir='ltr'>maior</span> <span class='ocrx_word' id='word_1_121' title='bbox 1026 1858 1093 1911; x_wconf 91' lang='lat' dir='ltr'>erat</span> <span class='ocrx_word' id='word_1_122' title='bbox 1115 1859 1170 1912; x_wconf 89' lang='lat' dir='ltr'>aut</span> 
     </span>
     <span class='ocr_line' id='line_1_16' title="bbox 169 1956 1206 2035; baseline -0.003 -17"><span class='ocrx_word' id='word_1_123' title='bbox 169 1958 328 2035; x_wconf 87' lang='lat' dir='ltr'>augustior</span> <span class='ocrx_word' id='word_1_124' title='bbox 342 1958 450 2032; x_wconf 90' lang='lat' dir='ltr'>honor,</span> <span class='ocrx_word' id='word_1_125' title='bbox 465 1957 600 2033; x_wconf 89' lang='lat' dir='ltr'>primum</span> <span class='ocrx_word' id='word_1_126' title='bbox 620 1959 701 2032; x_wconf 90' lang='lat' dir='ltr'>apud</span> <span class='ocrx_word' id='word_1_127' title='bbox 720 1956 803 2030; x_wconf 89' lang='lat' dir='ltr'>deos,</span> <span class='ocrx_word' id='word_1_128' title='bbox 819 1975 950 2033; x_wconf 88' lang='lat' dir='ltr'>quorum</span> <span class='ocrx_word' id='word_1_129' title='bbox 972 1956 1111 2032; x_wconf 85' lang='lat' dir='ltr'>proferre</span> <span class='ocrx_word' id='word_1_130' title='bbox 1125 1976 1169 2016; x_wconf 88' lang='lat' dir='ltr'>re·</span> <span class='ocrx_word' id='word_1_131' title='bbox 1178 1970 1206 2015; x_wconf 81' lang='lat'>15</span> 
     </span>
     <span class='ocr_line' id='line_1_17' title="bbox 169 2060 1169 2140; baseline -0.001 -17"><span class='ocrx_word' id='word_1_132' title='bbox 169 2081 284 2140; x_wconf 88' lang='lat' dir='ltr'>sponsa</span> <span class='ocrx_word' id='word_1_133' title='bbox 304 2068 336 2122; x_wconf 90' lang='lat' dir='ltr'>et</span> <span class='ocrx_word' id='word_1_134' title='bbox 357 2062 507 2122; x_wconf 89' lang='lat' dir='ltr'>interesse</span> <span class='ocrx_word' id='word_1_135' title='bbox 530 2061 632 2138; x_wconf 88' lang='lat' dir='ltr'>epulis</span> <span class='ocrx_word' id='word_1_136' title='bbox 652 2061 843 2134; x_wconf 83' lang='lat' dir='ltr'>ferebantur,</span> <span class='ocrx_word' id='word_1_137' title='bbox 863 2060 975 2120; x_wconf 90' lang='lat' dir='ltr'>deinde</span> <span class='ocrx_word' id='word_1_138' title='bbox 995 2063 1079 2138; x_wconf 85' lang='lat' dir='ltr'>apud</span> <span class='ocrx_word' id='word_1_139' title='bbox 1097 2062 1169 2123; x_wconf 88' lang='lat' dir='ltr'>illos</span> 
     </span>
     <span class='ocr_line' id='line_1_18' title="bbox 169 2165 1170 2244; baseline 0 -18"><span class='ocrx_word' id='word_1_140' title='bbox 169 2168 236 2228; x_wconf 89' lang='lat' dir='ltr'>deis</span> <span class='ocrx_word' id='word_1_141' title='bbox 256 2167 377 2242; x_wconf 90' lang='lat' dir='ltr'>genitos</span> <span class='ocrx_word' id='word_1_142' title='bbox 400 2184 563 2244; x_wconf 91' lang='lat' dir='ltr'>sacrosque</span> <span class='ocrx_word' id='word_1_143' title='bbox 582 2183 678 2241; x_wconf 88' lang='lat' dir='ltr'>reges,</span> <span class='ocrx_word' id='word_1_144' title='bbox 697 2165 778 2225; x_wconf 90' lang='lat' dir='ltr'>inter</span> <span class='ocrx_word' id='word_1_145' title='bbox 799 2184 875 2242; x_wconf 92' lang='lat' dir='ltr'>quos</span> <span class='ocrx_word' id='word_1_146' title='bbox 894 2166 1051 2225; x_wconf 89' lang='lat' dir='ltr'>neminem</span> <span class='ocrx_word' id='word_1_147' title='bbox 1073 2167 1170 2226; x_wconf 88' lang='lat' dir='ltr'>causi-</span> 
     </span>
     <span class='ocr_line' id='line_1_19' title="bbox 169 2270 1168 2348; baseline 0.001 -17"><span class='ocrx_word' id='word_1_148' title='bbox 169 2273 282 2346; x_wconf 89' lang='lat' dir='ltr'>dicum,</span> <span class='ocrx_word' id='word_1_149' title='bbox 295 2273 350 2335; x_wconf 86' lang='lat' dir='ltr'>sed</span> <span class='ocrx_word' id='word_1_150' title='bbox 361 2271 486 2348; x_wconf 89' lang='lat' dir='ltr'>Orphea</span> <span class='ocrx_word' id='word_1_151' title='bbox 496 2290 531 2330; x_wconf 88' lang='lat' dir='ltr'>ac</span> <span class='ocrx_word' id='word_1_152' title='bbox 542 2271 657 2329; x_wconf 86' lang='lat' dir='ltr'>Linum</span> <span class='ocrx_word' id='word_1_153' title='bbox 669 2276 708 2346; x_wconf 91' lang='lat' dir='ltr'>et,</span> <span class='ocrx_word' id='word_1_154' title='bbox 721 2270 749 2330; x_wconf 91' lang='lat' dir='ltr'>si</span> <span class='ocrx_word' id='word_1_155' title='bbox 759 2270 962 2347; x_wconf 80' lang='lat' dir='ltr'>introspicere</span> <span class='ocrx_word' id='word_1_156' title='bbox 973 2271 1068 2332; x_wconf 88' lang='lat' dir='ltr'>altius</span> <span class='ocrx_word' id='word_1_157' title='bbox 1080 2272 1168 2346; x_wconf 78' lang='lat' dir='ltr'>velie,</span> 
     </span>
     <span class='ocr_line' id='line_1_20' title="bbox 168 2360 1168 2454; baseline 0.003 -20"><span class='ocrx_word' id='word_1_158' title='bbox 168 2377 271 2454; x_wconf 91' lang='lat' dir='ltr'>ipsum</span> <span class='ocrx_word' id='word_1_159' title='bbox 286 2360 467 2453; x_wconf 85' lang='lat' dir='ltr'>Apollinem</span> <span class='ocrx_word' id='word_1_160' title='bbox 476 2375 665 2453; x_wconf 80' lang='lat' dir='ltr'>accepimus.</span> <span class='ocrx_word' id='word_1_161' title='bbox 707 2376 767 2436; x_wconf 85' lang='lat' dir='ltr'>Vel</span> <span class='ocrx_word' id='word_1_162' title='bbox 783 2375 809 2435; x_wconf 88' lang='lat' dir='ltr'>si</span> <span class='ocrx_word' id='word_1_163' title='bbox 823 2376 899 2435; x_wconf 88' lang='lat' dir='ltr'>haec</span> <span class='ocrx_word' id='word_1_164' title='bbox 916 2376 1061 2436; x_wconf 84' lang='lat' dir='ltr'>fabulosa</span> <span class='ocrx_word' id='word_1_165' title='bbox 1074 2377 1168 2437; x_wconf 89' lang='lat' dir='ltr'>nimis</span> 
     </span>
     <span class='ocr_line' id='line_1_21' title="bbox 168 2480 1207 2559; baseline 0 -19"><span class='ocrx_word' id='word_1_166' title='bbox 168 2487 199 2540; x_wconf 92' lang='lat' dir='ltr'>et</span> <span class='ocrx_word' id='word_1_167' title='bbox 220 2481 393 2559; x_wconf 84' lang='lat' dir='ltr'>composita</span> <span class='ocrx_word' id='word_1_168' title='bbox 413 2481 568 2555; x_wconf 88' lang='lat' dir='ltr'>videntur,</span> <span class='ocrx_word' id='word_1_169' title='bbox 589 2480 670 2539; x_wconf 91' lang='lat' dir='ltr'>illud</span> <span class='ocrx_word' id='word_1_170' title='bbox 690 2486 774 2540; x_wconf 88' lang='lat' dir='ltr'>certe</span> <span class='ocrx_word' id='word_1_171' title='bbox 795 2480 874 2538; x_wconf 90' lang='lat' dir='ltr'>mihi</span> <span class='ocrx_word' id='word_1_172' title='bbox 895 2482 1052 2552; x_wconf 85' lang='lat' dir='ltr'>concedes,</span> <span class='ocrx_word' id='word_1_173' title='bbox 1072 2481 1207 2558; x_wconf 78' lang='lat' dir='ltr'>Aper,ao</span> 
     </span>
     <span class='ocr_line' id='line_1_22' title="bbox 168 2585 1168 2663; baseline 0.001 -19"><span class='ocrx_word' id='word_1_174' title='bbox 168 2606 230 2645; x_wconf 91' lang='lat' dir='ltr'>non</span> <span class='ocrx_word' id='word_1_175' title='bbox 249 2586 400 2645; x_wconf 85' lang='lat' dir='ltr'>minorem</span> <span class='ocrx_word' id='word_1_176' title='bbox 420 2587 568 2644; x_wconf 92' lang='lat' dir='ltr'>honorem</span> <span class='ocrx_word' id='word_1_177' title='bbox 589 2586 728 2644; x_wconf 87' lang='lat' dir='ltr'>Homero</span> <span class='ocrx_word' id='word_1_178' title='bbox 749 2604 843 2663; x_wconf 89' lang='lat' dir='ltr'>quam</span> <span class='ocrx_word' id='word_1_179' title='bbox 862 2585 1067 2645; x_wconf 87' lang='lat' dir='ltr'>Demostheni</span> <span class='ocrx_word' id='word_1_180' title='bbox 1085 2587 1168 2662; x_wconf 82' lang='lat' dir='ltr'>apud</span> 
     </span>
     <span class='ocr_line' id='line_1_23' title="bbox 168 2690 1169 2769; baseline -0.001 -18"><span class='ocrx_word' id='word_1_181' title='bbox 168 2697 318 2769; x_wconf 90' lang='lat' dir='ltr'>posteros,</span> <span class='ocrx_word' id='word_1_182' title='bbox 334 2710 390 2750; x_wconf 87' lang='lat' dir='ltr'>nec</span> <span class='ocrx_word' id='word_1_183' title='bbox 405 2690 637 2766; x_wconf 86' lang='lat' dir='ltr'>angustioribus</span> <span class='ocrx_word' id='word_1_184' title='bbox 648 2690 791 2750; x_wconf 89' lang='lat' dir='ltr'>terminis</span> <span class='ocrx_word' id='word_1_185' title='bbox 807 2691 923 2749; x_wconf 85' lang='lat' dir='ltr'>famam</span> <span class='ocrx_word' id='word_1_186' title='bbox 938 2691 1099 2767; x_wconf 81' lang='lat' dir='ltr'>Euripidis</span> <span class='ocrx_word' id='word_1_187' title='bbox 1114 2697 1169 2750; x_wconf 89' lang='lat' dir='ltr'>aut</span> 
     </span>
     <span class='ocr_line' id='line_1_24' title="bbox 169 2794 1168 2874; baseline 0 -18"><span class='ocrx_word' id='word_1_188' title='bbox 169 2797 331 2874; x_wconf 79' lang='lat' dir='ltr'>Sophoclis</span> <span class='ocrx_word' id='word_1_189' title='bbox 353 2815 447 2873; x_wconf 90' lang='lat' dir='ltr'>quam</span> <span class='ocrx_word' id='word_1_190' title='bbox 468 2795 583 2873; x_wconf 87' lang='lat' dir='ltr'>Lysiae</span> <span class='ocrx_word' id='word_1_191' title='bbox 608 2801 663 2854; x_wconf 90' lang='lat' dir='ltr'>aut</span> <span class='ocrx_word' id='word_1_192' title='bbox 686 2794 860 2873; x_wconf 88' lang='lat' dir='ltr'>Hyperidis</span> <span class='ocrx_word' id='word_1_193' title='bbox 886 2795 1013 2854; x_wconf 91' lang='lat' dir='ltr'>includi.</span> <span class='ocrx_word' id='word_1_194' title='bbox 1057 2796 1168 2856; x_wconf 88' lang='lat' dir='ltr'>Plures</span> 
     </span>
     <span class='ocr_line' id='line_1_25' title="bbox 167 2899 1168 2978; baseline -0.001 -18"><span class='ocrx_word' id='word_1_195' title='bbox 167 2902 260 2960; x_wconf 90' lang='lat' dir='ltr'>hodie</span> <span class='ocrx_word' id='word_1_196' title='bbox 281 2900 417 2978; x_wconf 90' lang='lat' dir='ltr'>reperies</span> <span class='ocrx_word' id='word_1_197' title='bbox 438 2900 492 2977; x_wconf 91' lang='lat' dir='ltr'>qui</span> <span class='ocrx_word' id='word_1_198' title='bbox 512 2899 669 2960; x_wconf 87' lang='lat' dir='ltr'>Ciceronis</span> <span class='ocrx_word' id='word_1_199' title='bbox 690 2899 820 2974; x_wconf 86' lang='lat' dir='ltr'>gloriam</span> <span class='ocrx_word' id='word_1_200' title='bbox 842 2919 936 2977; x_wconf 90' lang='lat' dir='ltr'>quam</span> <span class='ocrx_word' id='word_1_201' title='bbox 958 2900 1012 2976; x_wconf 90' lang='lat' dir='ltr'>qui</span> <span class='ocrx_word' id='word_1_202' title='bbox 1034 2901 1168 2977; x_wconf 89' lang='lat' dir='ltr'>Vergilii</span> 
     </span>
     <span class='ocr_line' id='line_1_26' title="bbox 168 3004 1205 3081; baseline 0 -17"><span class='ocrx_word' id='word_1_203' title='bbox 168 3007 351 3081; x_wconf 88' lang='lat' dir='ltr'>detrectent,</span> <span class='ocrx_word' id='word_1_204' title='bbox 366 3024 422 3064; x_wconf 89' lang='lat' dir='ltr'>nco</span> <span class='ocrx_word' id='word_1_205' title='bbox 437 3004 521 3065; x_wconf 89' lang='lat' dir='ltr'>ullus</span> <span class='ocrx_word' id='word_1_206' title='bbox 536 3004 642 3063; x_wconf 86' lang='lat' dir='ltr'>Asinii</span> <span class='ocrx_word' id='word_1_207' title='bbox 657 3009 711 3063; x_wconf 93' lang='lat' dir='ltr'>aut</span> <span class='ocrx_word' id='word_1_208' title='bbox 726 3004 893 3064; x_wconf 89' lang='lat' dir='ltr'>Messallae</span> <span class='ocrx_word' id='word_1_209' title='bbox 907 3005 986 3064; x_wconf 89' lang='lat' dir='ltr'>liber</span> <span class='ocrx_word' id='word_1_210' title='bbox 1005 3012 1069 3065; x_wconf 89' lang='lat' dir='ltr'>tam</span> <span class='ocrx_word' id='word_1_211' title='bbox 1090 3006 1168 3065; x_wconf 91' lang='lat' dir='ltr'>inlu·</span> <span class='ocrx_word' id='word_1_212' title='bbox 1177 3019 1205 3064; x_wconf 79' lang='lat'>25</span> 
     </span>
     <span class='ocr_line' id='line_1_27' title="bbox 169 3108 1012 3188; baseline -0.001 -18"><span class='ocrx_word' id='word_1_213' title='bbox 169 3110 242 3170; x_wconf 87' lang='lat' dir='ltr'>stris</span> <span class='ocrx_word' id='word_1_214' title='bbox 258 3116 306 3170; x_wconf 91' lang='lat' dir='ltr'>est</span> <span class='ocrx_word' id='word_1_215' title='bbox 320 3129 414 3188; x_wconf 90' lang='lat' dir='ltr'>quam</span> <span class='ocrx_word' id='word_1_216' title='bbox 428 3110 540 3169; x_wconf 91' lang='lat' dir='ltr'>Medea</span> <span class='ocrx_word' id='word_1_217' title='bbox 556 3108 663 3169; x_wconf 91' lang='lat' dir='ltr'>Ovidii</span> <span class='ocrx_word' id='word_1_218' title='bbox 679 3115 733 3168; x_wconf 89' lang='lat' dir='ltr'>aut</span> <span class='ocrx_word' id='word_1_219' title='bbox 746 3109 835 3169; x_wconf 85' lang='lat' dir='ltr'>Varii</span> <span class='ocrx_word' id='word_1_220' title='bbox 850 3109 1012 3188; x_wconf 86' lang='lat' dir='ltr'>Thyestes.</span> 
     </span>
    </p>

    <p class='ocr_par' dir='ltr' id='par_1_4' title="bbox 168 3214 1207 3818">
     <span class='ocr_line' id='line_1_28' title="bbox 209 3214 1169 3292; baseline 0 -18"><span class='ocrx_word' id='word_1_221' title='bbox 209 3215 255 3275; x_wconf 84' lang='lat'>13.</span> <span class='ocrx_word' id='word_1_222' title='bbox 287 3220 295 3250; x_wconf 87' lang='lat'>‘</span> <span class='ocrx_word' id='word_1_223' title='bbox 302 3214 349 3273; x_wconf 84' lang='lat' dir='ltr'>Ac</span> <span class='ocrx_word' id='word_1_224' title='bbox 359 3233 398 3273; x_wconf 91' lang='lat' dir='ltr'>ne</span> <span class='ocrx_word' id='word_1_225' title='bbox 410 3215 569 3274; x_wconf 84' lang='lat' dir='ltr'>fortunam</span> <span class='ocrx_word' id='word_1_226' title='bbox 583 3214 708 3292; x_wconf 92' lang='lat' dir='ltr'>quidem</span> <span class='ocrx_word' id='word_1_227' title='bbox 720 3220 828 3274; x_wconf 91' lang='lat' dir='ltr'>vatum</span> <span class='ocrx_word' id='word_1_228' title='bbox 839 3220 870 3274; x_wconf 95' lang='lat' dir='ltr'>et</span> <span class='ocrx_word' id='word_1_229' title='bbox 882 3215 963 3273; x_wconf 86' lang='lat' dir='ltr'>illud</span> <span class='ocrx_word' id='word_1_230' title='bbox 974 3215 1054 3274; x_wconf 83' lang='lat' dir='ltr'>felix</span> <span class='ocrx_word' id='word_1_231' title='bbox 1064 3221 1169 3274; x_wconf 90' lang='lat' dir='ltr'>contu-</span> 
     </span>
     <span class='ocr_line' id='line_1_29' title="bbox 168 3318 1169 3396; baseline 0 -17"><span class='ocrx_word' id='word_1_232' title='bbox 168 3319 311 3379; x_wconf 89' lang='lat' dir='ltr'>bernium</span> <span class='ocrx_word' id='word_1_233' title='bbox 326 3338 503 3396; x_wconf 89' lang='lat' dir='ltr'>comparare</span> <span class='ocrx_word' id='word_1_234' title='bbox 519 3319 677 3378; x_wconf 89' lang='lat' dir='ltr'>timuerim</span> <span class='ocrx_word' id='word_1_235' title='bbox 688 3337 759 3377; x_wconf 91' lang='lat' dir='ltr'>oum</span> <span class='ocrx_word' id='word_1_236' title='bbox 770 3318 912 3396; x_wconf 89' lang='lat' dir='ltr'>inquieta</span> <span class='ocrx_word' id='word_1_237' title='bbox 923 3325 954 3379; x_wconf 91' lang='lat' dir='ltr'>et</span> <span class='ocrx_word' id='word_1_238' title='bbox 967 3320 1061 3379; x_wconf 86' lang='lat' dir='ltr'>anxia</span> <span class='ocrx_word' id='word_1_239' title='bbox 1072 3326 1169 3379; x_wconf 87' lang='lat' dir='ltr'>orato</span> 
     </span>
     <span class='ocr_line' id='line_1_30' title="bbox 169 3422 1168 3500; baseline 0 -18"><span class='ocrx_word' id='word_1_240' title='bbox 169 3444 236 3483; x_wconf 90' lang='lat' dir='ltr'>rum</span> <span class='ocrx_word' id='word_1_241' title='bbox 259 3423 332 3482; x_wconf 92' lang='lat' dir='ltr'>vita.</span> <span class='ocrx_word' id='word_1_242' title='bbox 375 3423 464 3483; x_wconf 87' lang='lat' dir='ltr'>Licet</span> <span class='ocrx_word' id='word_1_243' title='bbox 485 3423 556 3482; x_wconf 90' lang='lat' dir='ltr'>illos</span> <span class='ocrx_word' id='word_1_244' title='bbox 578 3422 749 3482; x_wconf 89' lang='lat' dir='ltr'>certamina</span> <span class='ocrx_word' id='word_1_245' title='bbox 770 3429 801 3482; x_wconf 90' lang='lat' dir='ltr'>et</span> <span class='ocrx_word' id='word_1_246' title='bbox 823 3423 962 3500; x_wconf 89' lang='lat' dir='ltr'>pericula</span> <span class='ocrx_word' id='word_1_247' title='bbox 983 3442 1039 3483; x_wconf 91' lang='lat' dir='ltr'>sua</span> <span class='ocrx_word' id='word_1_248' title='bbox 1056 3424 1107 3482; x_wconf 89' lang='lat' dir='ltr'>vel</span> <span class='ocrx_word' id='word_1_249' title='bbox 1128 3425 1168 3483; x_wconf 88' lang='lat' dir='ltr'>ad</span> 
     </span>
     <span class='ocr_line' id='line_1_31' title="bbox 168 3527 1207 3606; baseline 0 -18"><span class='ocrx_word' id='word_1_250' title='bbox 168 3529 349 3588; x_wconf 88' lang='lat' dir='ltr'>consulatus</span> <span class='ocrx_word' id='word_1_251' title='bbox 371 3528 542 3602; x_wconf 86' lang='lat' dir='ltr'>evexerint,</span> <span class='ocrx_word' id='word_1_252' title='bbox 561 3527 643 3606; x_wconf 68' lang='lat' dir='ltr'>ruglo</span> <span class='ocrx_word' id='word_1_253' title='bbox 665 3546 805 3587; x_wconf 90' lang='lat' dir='ltr'>securum</span> <span class='ocrx_word' id='word_1_254' title='bbox 826 3533 857 3587; x_wconf 88' lang='lat' dir='ltr'>et</span> <span class='ocrx_word' id='word_1_255' title='bbox 877 3528 1018 3604; x_wconf 89' lang='lat' dir='ltr'>quietum</span> <span class='ocrx_word' id='word_1_256' title='bbox 1035 3528 1207 3603; x_wconf 75' lang='lat' dir='ltr'>Vergiliisso</span> 
     </span>
     <span class='ocr_line' id='line_1_32' title="bbox 169 3632 1168 3710; baseline -0.002 -16"><span class='ocrx_word' id='word_1_257' title='bbox 169 3652 332 3708; x_wconf 87' lang='lat' dir='ltr'>secessum,</span> <span class='ocrx_word' id='word_1_258' title='bbox 355 3633 387 3691; x_wconf 90' lang='lat' dir='ltr'>in</span> <span class='ocrx_word' id='word_1_259' title='bbox 410 3652 470 3710; x_wconf 94' lang='lat' dir='ltr'>quo</span> <span class='ocrx_word' id='word_1_260' title='bbox 492 3638 597 3692; x_wconf 91' lang='lat' dir='ltr'>tamen</span> <span class='ocrx_word' id='word_1_261' title='bbox 622 3651 721 3709; x_wconf 89' lang='lat' dir='ltr'>neque</span> <span class='ocrx_word' id='word_1_262' title='bbox 747 3633 830 3709; x_wconf 89' lang='lat' dir='ltr'>apud</span> <span class='ocrx_word' id='word_1_263' title='bbox 851 3633 968 3691; x_wconf 88' lang='lat' dir='ltr'>Divum</span> <span class='ocrx_word' id='word_1_264' title='bbox 989 3632 1168 3708; x_wconf 85' lang='lat' dir='ltr'>Augustum</span> 
     </span>
     <span class='ocr_line' id='line_1_33' title="bbox 169 3738 1166 3818; baseline 0 -18"><span class='ocrx_word' id='word_1_265' title='bbox 169 3741 270 3818; x_wconf 87' lang='lat' dir='ltr'>gratia</span> <span class='ocrx_word' id='word_1_266' title='bbox 296 3739 396 3800; x_wconf 88' lang='lat' dir='ltr'>caruit</span> <span class='ocrx_word' id='word_1_267' title='bbox 423 3758 524 3817; x_wconf 89' lang='lat' dir='ltr'>neque</span> <span class='ocrx_word' id='word_1_268' title='bbox 552 3739 635 3816; x_wconf 88' lang='lat' dir='ltr'>apud</span> <span class='ocrx_word' id='word_1_269' title='bbox 664 3738 814 3816; x_wconf 89' lang='lat' dir='ltr'>populum</span> <span class='ocrx_word' id='word_1_270' title='bbox 842 3739 1017 3798; x_wconf 83' lang='lat' dir='ltr'>Romanum</span> <span class='ocrx_word' id='word_1_271' title='bbox 1044 3739 1166 3800; x_wconf 87' lang='lat' dir='ltr'>notitia</span> 
     </span>
    </p>
   </div>
   <div class='ocr_carea' id='block_1_3' title="bbox 0 0 1400 4178">
    <p class='ocr_par' dir='ltr' id='par_1_5' title="bbox 0 0 1400 4178">
     <span class='ocr_line' id='line_1_34' title="bbox 0 0 1400 4178; baseline 0 0"><span class='ocrx_word' id='word_1_272' title='bbox 0 0 1400 4178; x_wconf 95' lang='lat' dir='ltr'> </span> 
     </span>
    </p>
   </div>
  </div>
 </body>
</html>
