2790 4178
224 325 266 386 40
535 332 564 380 Ρ.
591 330 765 382 CORNELII
787 331 912 382 TACITI

225 510 441 580 argumentum
456 509 512 563 est.
555 504 630 573 Quis
646 505 730 562 enim
749 523 805 564 nos
820 504 951 563 advocat
966 504 1027 564 nisi
1043 510 1097 563 aut
1110 523 1224 564 nocens

225 617 278 670 aut
290 611 409 669 miser?
430 609 513 686 quod
524 609 731 686 municipium
742 609 776 667 in
787 609 965 668 clientelam
977 615 1115 668 nostram
1127 610 1223 684 venit,

224 716 286 775 nisi
312 715 395 790 quod
416 719 470 773 aut
490 714 613 772 vicinus
635 714 768 791 populus
794 720 847 773 aut
874 715 1043 774 domestica
1068 715 1224 774 discordia

225 821 349 895 agitat?
379 838 472 896 quarn
496 819 689 894 provinciam
711 825 835 878 tuemur
862 819 925 878 nisi
950 819 1116 896 spoliatam
1135 839 1225 878 vexa·

196 927 377 1002 otamquc?
400 924 487 1000 atqui
507 923 618 982 melius
633 924 747 982 fuisset
766 944 829 982 non
848 925 937 1001 queri
952 943 1044 1001 quam
1059 925 1222 983 vindicari.

224 1031 313 1100 Quod
332 1030 358 1088 si
378 1029 573 1087 inveniretur
592 1028 698 1104 aliqua
717 1029 828 1088 civitas
844 1029 877 1086 in
892 1048 954 1105 qua
967 1047 1058 1088 nemo
1072 1035 1223 1106 peccaret,

225 1153 434 1212 supervacuus
463 1139 544 1193 esset
573 1134 654 1192 inter
683 1135 864 1193 innocentes
894 1139 1005 1208 orator,
1034 1134 1116 1193 sicut
1144 1135 1225 1193 inter

225 1260 315 1299 sanes
344 1238 498 1313 medicus}
528 1258 589 1315 quc
614 1239 704 1297 modo
730 1239 813 1297 enim
841 1239 1005 1297 minimum
1034 1259 1108 1299 usus
1137 1240 1226 1297 mini-

224 1364 370 1421 mumque
392 1344 550 1420 profectus
572 1363 622 1402 ars
644 1344 797 1403 medentis
823 1343 918 1402 habet
945 1344 980 1402 in
1008 1344 1052 1403 eis
1081 1345 1224 1419 gentibus

182 1469 211 1514 10
224 1469 303 1526 quae
335 1449 516 1507 firmissima
539 1448 720 1507 valetudine
746 1467 780 1507 ac
808 1448 1020 1508 saluberrimis
1045 1449 1225 1526 corporibus

223 1560 363 1628 utuntur,
389 1555 433 1612 sic
455 1553 554 1611 minor
577 1559 733 1612 oratorum
759 1554 857 1612 honor
882 1554 1101 1630 obscuriorque
1127 1554 1226 1629 gloria

224 1665 272 1719 est
292 1660 373 1717 iuter
393 1659 488 1718 bonos
508 1677 608 1717 mores
626 1664 657 1716 et
676 1659 709 1716 in
730 1659 910 1735 obsequium
932 1660 1067 1734 regentis
1089 1665 1223 1735 paratos

224 1765 306 1834 Quid
333 1764 417 1822 enim
445 1782 522 1840 opus
551 1769 599 1821 est
626 1762 728 1837 longis
756 1763 790 1821 in
818 1770 929 1823 senatu
955 1764 1129 1838 sententiis,
1155 1784 1224 1823 cum

224 1869 335 1946 optimi
364 1869 426 1927 cito
455 1868 679 1927 consentiant?
720 1868 797 1945 quid
826 1869 934 1927 multis
964 1869 1047 1946 apud
1075 1869 1226 1946 populum

183 1993 210 2035 15
224 1975 429 2047 contionibus,
453 1993 523 2032 cum
552 1973 589 2032 de
617 1991 650 2031 16
685 1972 811 2050 publiea
834 1993 896 2032 non
917 1973 1055 2050 imperiti
1079 1973 1224 2032 etmulti

224 2079 406 2152 deliberent,
423 2079 478 2137 sed
496 2078 746 2154 sapientissimus
767 2084 798 2137 et
814 2081 921 2138 unus?
947 2079 1024 2154 quid
1038 2079 1224 2138 voluntariis

225 2183 482 2256 accusationibus,
508 2201 579 2240 cum
606 2188 671 2241 tarn
696 2203 765 2242 raro
793 2189 823 2242 et
850 2189 914 2243 tam
939 2203 1030 2261 parce
1053 2186 1223 2261 peccetur?

225 2289 301 2365 quid
329 2288 493 2346 invidiosis
522 2293 553 2345 et
583 2288 804 2347 excedentibus
830 2289 955 2347 modurn
980 2289 1223 2362 defensionibus,

225 2414 295 2453 cum
317 2392 482 2452 elementia
502 2393 716 2467 cognoscentis
740 2394 863 2452 obviam
880 2393 1131 2470 periclitantibus
1148 2396 1223 2452 eat?

225 2604 252 2662 si
277 2609 331 2662 aut
355 2621 409 2662 vcs
433 2602 588 2679 prioribus
614 2603 744 2662 saeculis
766 2609 821 2662 aut
843 2603 892 2661 illi
910 2623 986 2679 quos
1004 2604 1152 2662 miramur
1174 2604 1223 2662 his

224 2709 291 2766 nati
316 2712 429 2780 essent,
456 2726 490 2766 ac
518 2708 595 2766 deus
626 2707 740 2784 aliquis
767 2709 848 2773 vitas
873 2713 993 2768 vestras
1022 2727 1056 2766 ac
1084 2713 1225 2783 tempora

224 2819 351 2890 repente
369 2818 529 2887 mutasset,
546 2831 602 2871 nee
619 2813 706 2872 vobis
728 2832 848 2872 summa
866 2813 923 2872 illa
939 2812 1007 2872 laus
1025 2818 1056 2871 61
1074 2812 1173 2887 gloria
1191 2813 1224 2870 in

225 2918 403 2994 eloquentia
415 2936 513 2994 neque
526 2917 590 2977 illis
603 2918 713 2977 modus
724 2923 756 2976 61
768 2923 1048 2995 temperamentum
1061 2917 1221 2976 defuisset.

182 3037 211 3082 25
224 3025 325 3096 Nunc,
338 3023 483 3099 quoniam
499 3041 589 3081 nemo
605 3023 713 3081 eodem
728 3028 866 3100 tempore
881 3023 1009 3100 adsequi
1025 3028 1128 3099 potest
1143 3042 1224 3096 mag-

224 3147 296 3187 nam
311 3129 428 3186 famam
443 3133 475 3186 61
489 3146 633 3202 magnam
649 3128 796 3204 quietem,-
806 3129 886 3186 bono
901 3128 1017 3187 saeculi
1032 3127 1080 3186 sui
1092 3128 1223 3204 quisque

224 3233 303 3291 citra
317 3232 573 3291 obtrectationem
589 3232 716 3292 alterius
731 3233 857 3291 utatur?

263 3337 311 3396 42.
341 3337 482 3396 Finierat
504 3339 675 3411 Maternus,
692 3356 759 3395 curn
783 3337 947 3397 Messalla:
972 3338 1088 3395 ‘Erant
1110 3337 1223 3412 quibus

224 3442 494 3516 contradicerem,
518 3448 607 3501 erant
628 3443 665 3501 de
688 3442 799 3519 quibus
819 3443 911 3519 plura
932 3442 994 3500 dici
1015 3441 1137 3514 vellem,
1160 3441 1222 3500 nisi

182 3561 211 3605 30
224 3548 287 3606 iam
303 3548 369 3607 dies
387 3554 469 3607 esset
486 3547 631 3606 exactus!
676 3553 683 3582 ‘
693 3548 778 3606 Fiet'
797 3547 900 3624 inquit
917 3548 1079 3605 Maternus
1098 3551 1224 3622 ‘postea

224 3652 377 3712 arbitratu
398 3658 461 3726 tuo,
477 3658 508 3710 et
526 3653 552 3712 si
570 3671 632 3729 qua
650 3652 708 3711 tibi
719 3653 848 3712 obseura
866 3652 898 3710 in
919 3651 976 3711 hoc
997 3669 1065 3709 meo
1083 3668 1222 3709 sermone

222 3758 289 3816 risa
301 3763 386 3833 sont,
404 3757 442 3816 de
457 3757 502 3820 eis
517 3776 623 3818 rursus
638 3757 852 3818 conferemus!
881 3756 928 3816 Ac
943 3755 1037 3817 simul
1051 3756 1221 3831 adsurgens
