2790 4178
406 329 590 381 nmxocus
614 331 663 380 uu
687 329 928 381 ouaronrsus
1128 318 1170 383 15

169 503 328 580 profertis,
347 521 424 579 quos
446 503 523 562 satis
543 508 667 562 constat
688 503 831 580 Philippi
853 508 884 562 et
905 501 1079 562 Alexandri
1096 508 1171 562 tem-

169 607 296 685 poribus
311 606 462 682 floruisse,
478 608 524 666 ita
544 614 649 666 tamen
663 614 699 666 nt
715 608 841 685 utrique
856 607 1041 684 superstites
1055 613 1168 667 essent.

169 713 218 770 Ex
232 731 294 788 quo
308 718 439 789 apparet
456 731 517 770 non
538 713 637 771 multo
659 712 764 789 plures
786 731 879 789 quam
898 717 1053 772 trecentos
1072 731 1170 772 annos

169 816 320 876 interesse
342 817 424 875 inter
445 823 583 877 nostram
605 818 643 875 et'
661 816 882 877 Demosthenis
907 822 1057 876 aetatem:
1087 818 1170 895 quod

169 922 307 999 spatium
321 922 472 998 temporis
489 922 515 980 si
530 922 570 980 ad
585 921 802 981 infirmitatem
816 940 979 999 corporum
993 927 1169 982 nostrorum
1182 934 1197 979 5

169 1027 297 1104 referas,
315 1028 449 1087 fortasse
468 1028 596 1103 longum
611 1028 770 1104 videatur,
794 1028 821 1087 si
842 1028 882 1087 ad
902 1034 1047 1088 naturam
1069 1046 1170 1088 saecu-

170 1133 270 1191 lorum
289 1151 324 1191 ac
346 1138 521 1209 respectum
541 1133 676 1192 inmensi
695 1132 790 1192 huius
811 1133 889 1208 aevi,
905 1151 1055 1210 perquam
1075 1133 1169 1192 breve
1190 1201 1197 1223 δ

170 1243 201 1296 et
225 1237 259 1295 in
283 1238 424 1315 proximo
447 1243 503 1296 est.
559 1239 643 1297 Nam
672 1237 707 1313 si,
737 1243 773 1297 ut
801 1237 908 1297 Cicero
936 1237 970 1295 in
998 1228 1193 1297 Hortensio‘

171 1341 286 1416 scribit,
309 1342 335 1401 is
357 1347 405 1401 est
425 1360 556 1417 magnus
577 1348 609 1401 et
633 1361 724 1401 verus
747 1361 855 1417 annus,
881 1360 943 1418 quo
967 1343 1074 1401 eadem
1091 1343 1170 1419 posi-

169 1447 215 1505 tio
242 1447 321 1504 caeli
350 1446 557 1522 siderumque,
587 1465 666 1523 quae
693 1465 764 1505 cum
791 1445 924 1506 maxime
956 1452 1012 1522 est,
1045 1466 1169 1507 rursum
1183 1456 1211 1501 10

170 1551 293 1626 existet,
315 1552 403 1628 isque
425 1570 525 1611 annus
545 1552 656 1610 horum
678 1570 755 1627 quos
776 1570 832 1611 nos
848 1570 994 1611 vocamus
1017 1570 1168 1610 annorum

169 1644 474 1727 affinocconssss
515 1656 740 1733 complectitur,
783 1656 895 1733 incipit
942 1657 1168 1717 Demosthenes

172 1761 318 1841 [vester],
344 1779 436 1838 quem
456 1779 512 1820 vos
537 1767 673 1820 veterem
701 1766 733 1819 et
760 1761 925 1838 antiquum
953 1761 1081 1837 fingitis,
1106 1781 1169 1820 non

170 1866 271 1926 solum
295 1867 403 1924 eodem
431 1885 513 1924 anno
541 1886 602 1943 quo
629 1885 694 1941 nos,
720 1866 776 1925 sed
804 1866 899 1925 etiam
927 1867 1035 1925 eodem
1062 1884 1169 1926 mense

170 1970 320 2031 extitisse.
1182 1980 1210 2024 15

210 2075 257 2136 17.
289 2076 367 2134 ‘Sed
389 2081 514 2136 transeo
538 2077 577 2135 ad
602 2076 733 2137 Latinos
755 2081 892 2136 oratores
915 2077 948 2135 in
971 2076 1084 2153 quibus
1107 2095 1169 2135 non

170 2181 360 2256 Menenium,
389 2187 425 2239 ut
453 2187 537 2257 puto,
566 2181 750 2258 Agrippam,
779 2182 833 2258 qui
861 2187 965 2258 potest
990 2182 1090 2240 videri
1118 2201 1169 2241 an-

170 2284 286 2362 tiquus,
302 2291 478 2344 nostrorum
496 2291 671 2362 temporum
689 2286 816 2346 disertis
838 2293 1026 2363 anteponere
1045 2287 1168 2360 voletis,

170 2390 225 2449 sed
253 2390 430 2450 Ciceronem
456 2396 488 2449 et
513 2390 676 2450 Caesarem
705 2397 736 2450 et
759 2392 898 2451 Caelium
924 2397 956 2450 et
980 2392 1112 2452 Calvum
1137 2397 1169 2450 et

170 2495 304 2553 Brutum
327 2500 358 2553 et
379 2494 525 2555 Asinium
548 2501 580 2554 et
601 2496 797 2555 Messallam:
822 2516 899 2573 quos
930 2496 1007 2573 quid
1029 2496 1167 2572 antiquis
1181 2508 1211 2554 20

170 2599 274 2676 potius
296 2599 488 2675 temporibus
511 2599 697 2659 adscribatis
718 2619 811 2676 quam
832 2600 957 2674 nostris,
980 2619 1043 2658 non
1067 2600 1165 2659 video.

169 2705 253 2762 Nam
270 2708 305 2763 ut
323 2704 361 2762 de
375 2703 522 2763 Cicerone
541 2704 610 2780 ipso
625 2703 743 2780 loquar,
759 2704 867 2762 Hirtio
885 2723 997 2781 nempe
1014 2709 1046 2762 et
1065 2705 1169 2764 Pansa

170 2807 357 2883 consulibus,
382 2814 418 2867 ut
442 2808 516 2867 Tiro
540 2807 670 2867 libertus
696 2808 762 2868 eius
785 2808 919 2884 scripsit,
942 2808 1076 2885 septimo
1097 2809 1167 2868 idus

170 2913 355 2972 Decembres
366 2913 484 2972 occisus
497 2918 552 2987 est,
565 2932 626 2990 quo
641 2932 721 2971 anno
733 2913 833 2973 Divus
845 2912 1007 2988 Augustus
1018 2913 1051 2971 in
1066 2913 1168 2972 locum

169 3018 290 3078 Pansae
301 3024 334 3076 et
344 3018 445 3076 Hirtii
456 3037 489 3077 se
500 3023 532 3076 et
543 3019 576 3088 Q.
589 3019 720 3076 Pedium
732 3019 874 3079 consules
889 3018 1020 3079 suffecit.
1058 3018 1167 3078 Statue
1181 3034 1209 3078 ao

170 3141 224 3181 sex
244 3128 275 3182 et
294 3122 522 3200 quinquaginta
542 3141 648 3198 annos,
665 3123 777 3200 quibus
797 3142 868 3182 mox
889 3124 991 3183 Divus
1005 3124 1167 3199 Augustus

169 3245 234 3285 rem
250 3227 406 3304 publicam
421 3227 511 3301 rexit,
527 3227 614 3286 adice
629 3228 748 3288 Tiberii
762 3233 826 3287 tres
841 3234 873 3287 et
886 3228 1009 3304 viginti,
1026 3234 1058 3287 et
1071 3247 1168 3305 prope

170 3331 411 3407 quadriennium
436 3331 505 3407 Gai,
531 3351 565 3391 ac
590 3333 638 3392 bis
667 3338 834 3408 quaternos
864 3334 959 3393 denos
983 3332 1107 3392 Claudii
1136 3338 1167 3391 et

169 3436 305 3495 Neronis
320 3455 427 3510 annos,
443 3442 535 3514 atque
554 3436 645 3495 illum
660 3438 779 3497 Galbae
799 3443 830 3497 et
845 3437 979 3497 Othonis
998 3443 1029 3496 et
1043 3437 1168 3497 Vitellii

169 3540 295 3616 longum
321 3546 353 3600 et
377 3561 473 3599 unum
499 3560 623 3615 annum,
649 3561 684 3601 ac
708 3548 829 3602 sextam
854 3542 916 3601 iam
941 3542 1044 3601 felicis
1072 3541 1167 3601 huius
1180 3557 1210 3602 30

169 3645 364 3722 principatus
392 3645 568 3722 stationem,
594 3665 655 3723 quo
679 3647 892 3724 Vespasianus
917 3665 982 3704 rem
1009 3646 1166 3724 publicam

169 3749 265 3809 fovet.
308 3750 441 3810 Centum
462 3755 494 3810 et
508 3750 623 3826 viginti
645 3751 719 3810 anni
741 3751 780 3810 ab
802 3749 933 3810 interitu
954 3749 1112 3810 Ciceronis
1133 3750 1168 3809 in
