2790 4178
401 306 584 357 ninnoeus
608 308 658 356 nn
681 307 918 358 coercemus,
1143 300 1162 367 7

159 504 226 544 non
236 483 346 542 auditu
360 481 580 556 cognoscenda,
597 481 652 540 sed
669 481 766 540 oculis
781 483 953 559 spectanda
966 483 1158 545 haberemus.

159 590 243 648 Nam
267 606 328 665 quo
350 587 506 646 sordidius
526 592 557 644 et
577 586 727 645 abiectius
747 586 814 645 nati
834 593 916 674 sunt,
937 607 1058 665 quoque
1076 596 1161 650 nota

160 694 252 753 bilior
266 698 434 770 paupertas
449 700 481 751 et
496 692 657 766 angustiae
671 710 772 750 rerum
790 698 954 751 nascentes
966 711 1018 752 eos
1033 695 1160 754 circum-

160 803 323 871 steterunt,
350 817 385 855 eo
414 796 546 856 clariora
573 803 605 856 et
633 797 673 855 ad
701 797 976 856 demonstrandam
1006 802 1158 861 oratoriae

159 904 355 980 eloquentiae
386 902 557 961 utilitatem
589 901 771 961 inlustriora
799 903 943 979 exempla
970 911 1052 979 sunt,
1076 909 1185 983 quods

159 1010 226 1069 sine
258 1007 524 1068 commendatione
555 1007 717 1081 natalium,
753 1007 820 1067 sine
853 1009 1029 1069 substantia
1062 1012 1158 1070 facul-

158 1120 268 1188 tatum,
297 1119 407 1172 neuter
436 1111 573 1171 moribus
603 1112 755 1186 egregius,
785 1113 864 1171 alter
895 1113 1005 1174 habitu
1036 1136 1157 1194 quoque

159 1219 295 1297 corporis
316 1224 521 1296 contemptus,
538 1237 594 1295 per
610 1217 726 1276 multos
744 1217 807 1276 iarn
828 1236 925 1279 annos
947 1221 1157 1296 potentissimi

159 1331 233 1384 sunt
253 1324 391 1384 civitatis
412 1341 456 1398 ao,
473 1325 569 1383 donec
590 1321 693 1396 libuit,
708 1323 866 1400 principes
887 1324 958 1398 fori,
973 1344 1056 1384 nunc
1076 1327 1158 1402 priu-

158 1429 242 1506 cipes
262 1430 296 1488 in
315 1429 456 1488 Caesaris
476 1427 619 1515 amicitie,
634 1433 732 1502 agunt
750 1428 919 1508 feruntque
938 1436 1050 1489 cuncta
1063 1437 1157 1509 atque
1170 1450 1198 1496 ro

158 1535 197 1594 ab
216 1535 285 1610 ipso
299 1533 441 1610 principe
461 1551 530 1591 cum
545 1533 680 1608 quadam
695 1533 870 1593 reverentia
884 1533 1068 1610 diliguntur,
1084 1537 1158 1613 quia

158 1639 380 1717 Vespasianus,
409 1637 596 1697 venerabilis
625 1656 720 1696 senex
747 1644 779 1696 et
807 1637 1057 1714 patientissimus
1081 1643 1156 1716 veri,

158 1745 236 1804 bene
257 1743 414 1832 intellegit
433 1742 496 1824 [et]
516 1748 634 1802 ceteros
656 1742 783 1818 quidem
802 1743 917 1803 amicos
939 1763 993 1802 suc
1032 1746 1077 1804 eis
1097 1705 1199 1812 niti)
1238 1770 1246 1808 ,¹
1280 1780 1284 1793 ·
1338 1772 1341 1781 ·

158 1867 237 1926 quae
258 1849 297 1908 ab
318 1849 387 1925 ipso
405 1847 581 1924 acceperint
600 1866 740 1924 quaeque
760 1852 791 1906 et
813 1848 890 1929 ipsit
912 1849 1105 1908 accumulare
1126 1857 1158 1910 et

157 1954 191 2012 in
213 1953 290 2013 alios
316 1971 480 2029 congerere
505 1957 685 2029 promptum
711 1952 761 2024 sit,
787 1951 972 2010 Marcellum
997 1958 1101 2012 autem
1126 1961 1158 2014 et
1171 1972 1200 2018 15

158 2057 303 2134 Crispum
315 2057 465 2116 adtulisse
475 2056 515 2116 ad
528 2056 697 2116 amicitiam
710 2075 797 2115 suam
809 2057 893 2148 quod
906 2076 969 2115 non
984 2076 1002 2116 a
1016 2058 1157 2136 principe

158 2161 334 2238 acceperint
344 2180 400 2220 nec
413 2161 512 2237 accipi
527 2162 635 2238 possit.
678 2162 846 2220 Minimum
860 2162 943 2221 inter
957 2168 1004 2222 tot
1019 2182 1053 2222 ac
1069 2169 1172 2237 tenta

157 2266 259 2326 locum
279 2266 423 2325 obtinent
442 2265 594 2340 imagines
610 2284 645 2325 ac
659 2266 748 2325 tituli
765 2272 797 2325 et
816 2272 946 2341 statuae,
962 2286 1042 2344 quae
1057 2268 1171 2345 nequeJ

157 2371 227 2447 ipsa
247 2376 352 2430 tamen
376 2370 592 2446 negleguntur,
610 2371 829 2446 tam-hercule
852 2391 945 2448 quam
970 2372 1101 2432 divitiae
1125 2352 1169 2432 eb]

158 2495 240 2552 opes
256 2495 333 2552 quas
348 2476 474 2535 facilius
489 2476 630 2535 invenies
646 2476 700 2553 qui
715 2476 873 2552 vituperet
888 2496 981 2553 quam
996 2478 1050 2554 qui
1069 2478 1157 2538 festi·
1169 2496 1199 2541 20

158 2581 231 2639 diat.
275 2581 336 2640 His
360 2580 457 2654 igitur
481 2586 513 2639 et
539 2580 707 2640 honoribus
730 2587 761 2639 et
782 2581 971 2640 ornamentis
1002 2588 1034 2640 et
1061 2582 1157 2641 facul-

157 2685 276 2744 tatibus
291 2685 424 2744 refertas
442 2686 549 2744 domos
564 2704 670 2744 eorum
685 2686 826 2744 videmus
846 2686 900 2763 qui
919 2705 951 2746 se
971 2686 1010 2745 ab
1028 2686 1156 2746 ineunte

67 2849 71 2859 ,
158 2793 259 2846 aetate
274 2787 376 2848 causis
390 2787 567 2847 forensibus
583 2793 614 2847 et
629 2790 764 2849 oratorio
779 2791 884 2851 studio
899 2792 1059 2851 dederunt.

197 2891 225 2951 9.
256 2892 353 2949 ‘Nam
368 2891 506 2950 carmina
521 2897 552 2949 et
564 2910 681 2965 versus,
694 2892 807 2968 quibus
822 2897 920 2951 totam
931 2893 1030 2952 vitam
1044 2896 1157 2954 Mater-

157 3015 216 3054 nus
231 2996 386 3055 insumere
401 3001 490 3072 cptat
502 2996 588 3073 (inde
603 2996 686 3054 enim
701 2996 802 3055 omnis
817 2996 909 3056 fluxit
921 2999 1043 3078 oratio),
1056 3019 1156 3077 neque
1169 3016 1209 3064 25·

157 3099 343 3176 dignitatem
361 3100 459 3159 ullam
479 3100 656 3160 auctoribus
678 3100 743 3160 suis
765 3101 933 3160 conciliant
955 3122 1056 3180 neque
1072 3105 1157 3163 utili-

157 3210 238 3264 tates
253 3205 350 3279 alunt,
366 3205 558 3281 voluptatem
577 3210 681 3264 autem
695 3205 831 3280 brevem,
846 3206 971 3266 laudem
985 3209 1109 3267 inanem
1124 3215 1156 3269 et

156 3309 383 3370 infructuosam
413 3315 652 3386 consequuntur.
705 3311 794 3370 Licet
820 3312 896 3371 haec
924 3312 992 3389 ipsa
1016 3320 1048 3373 et
1075 3333 1155 3391 quae

157 3414 303 3491 deinceps
326 3415 465 3474 dicturus
490 3434 567 3488 sum,
593 3434 682 3475 eures
710 3420 791 3490 tuae,
815 3418 1153 3496 Maternerespuant:

157 3519 207 3578 cui
226 3521 308 3580 bono
329 3526 385 3593 est,
404 3520 432 3579 si
452 3520 536 3595 apud
556 3525 588 3578 te
610 3520 824 3595 Agamemnon
846 3527 900 3581 aut
924 3523 1020 3582 Iason
1040 3525 1154 3585 diserte
1168 3541 1197 3586 30

156 3623 321 3701 loquitur?
354 3625 424 3701 quis
444 3625 515 3684 ideo
536 3625 661 3683 domum
687 3625 833 3685 defensus
859 3632 890 3686 et
914 3628 974 3686 tibi
998 3628 1153 3704 obligatus

157 3730 265 3789 redit?
297 3729 367 3807 quis
392 3729 528 3790 Saleium
547 3736 698 3804 nostrum,
721 3731 880 3806 egregium
901 3739 1025 3809 poetam
1043 3736 1102 3810 vel,
1127 3737 1153 3796 si
