2790 4178
1287 226 1294 261 ε,
1313 224 1356 259 ,nl'

439 317 623 368 nmaosus
647 319 695 366 nn
719 317 960 368 canronnsus
1161 311 1202 374 19
1241 266 1286 405 gi,-
1302 331 1374 435 Χι’

1292 408 1298 460 Χ
1319 408 1322 413 .

1192 407 1239 493 s

200 489 489 565 memoriavolunt3
512 491 704 567 traduntque
726 491 758 548 in
781 491 880 550 vicem
903 510 937 551 ac
962 510 1053 568 saepe
1075 491 1109 551 in
1124 492 1202 552 colo

199 595 268 655 nias
297 614 333 654 ac
360 595 539 672 provincias
568 613 639 654 suas
669 595 818 670 scribunt,
848 596 914 655 sive
943 615 1053 658 sensus
1085 598 1201 676 aliquis

199 705 311 775 arguta
327 706 358 759 et
374 700 462 760 brevi
484 699 641 760 sententia
662 700 782 760 effulsit
804 700 870 760 sive
891 701 978 761 loeus
999 703 1155 780 exquisito
1170 709 1201 763 et

199 805 321 881 poetico
348 805 436 864 cultu
463 805 585 864 enituit.
638 804 786 880 Erigitur
810 806 894 865 enim
922 806 985 866 iam
1013 808 1052 866 ab
1079 814 1200 869 oratore

199 909 294 968 etiam
322 910 463 987 poeticus
494 911 593 983 decor,
622 930 685 969 non
713 910 802 969 Accii
831 917 885 970 aut
913 911 1043 970 Pacuvii
1071 919 1227 973 veternos

199 1013 390 1092 inquinatus,
407 1016 462 1075 sed
483 1034 521 1074 ex
542 1015 669 1075 Horatii
683 1021 715 1075 et
728 1015 862 1092 Vergilii
877 1022 908 1076 et
925 1016 1045 1077 Lucarii
1066 1019 1200 1079 sacrario

197 1121 348 1196 prolatus.
390 1121 512 1179 Horum
535 1120 632 1196 igitur
647 1121 773 1181 auribus
788 1127 820 1181 et
834 1121 959 1182 iudiciis
981 1124 1199 1201 obtemperans

198 1230 375 1285 nostrorum
396 1231 553 1285 oratorum
578 1232 663 1285 aetas
685 1225 845 1302 pulchrior
868 1233 900 1286 et
922 1228 1060 1287 ornatior
1081 1229 1196 1288 extitit.

197 1330 308 1407 Neque
330 1330 399 1389 ideo
420 1331 524 1390 minus
546 1329 683 1390 efficaces
705 1336 779 1390 sunt
800 1332 955 1392 orationes
976 1338 1109 1408 nostrae,
1125 1335 1199 1410 quia

197 1435 237 1493 ad
258 1453 348 1494 aures
370 1434 576 1494 iudicantium
600 1454 671 1494 cum
693 1435 856 1512 voluptate
878 1436 1073 1513 perveniunt.
1117 1439 1199 1508 Quid
1212 1450 1240 1495 10

197 1539 289 1615 enim,
306 1539 334 1599 si
349 1539 521 1600 infirmiora
535 1540 645 1599 horum
660 1545 833 1617 temporum
853 1542 972 1619 templa
989 1543 1107 1617 credas,
1123 1544 1198 1620 quia

196 1663 259 1703 non
273 1646 345 1705 rudi
359 1652 519 1705 caemento
536 1651 568 1705 et
586 1646 772 1706 informibus
793 1646 908 1723 tegulis
930 1653 1126 1723 extruuntur,
1143 1650 1198 1710 sed

165 1823 188 1831 -.
195 1769 349 1836 marmore
364 1750 468 1810 nitent
482 1757 514 1810 et
528 1770 603 1810 auro
617 1751 807 1811 radiantur?

237 1853 284 1915 21.
315 1855 486 1932 ‘Equidem
504 1856 626 1916 fatebor
642 1857 730 1915 vobis
750 1856 935 1934 simpliciter
954 1875 1003 1916 me
1023 1857 1056 1915 in
1073 1857 1197 1934 quibus-

197 1960 269 2018 dam
297 1959 497 2037 antiquorum
527 1961 580 2018 vix
607 1960 714 2035 risum,
739 1961 773 2018 in
801 1961 987 2037 quibusdam
1013 1967 1117 2021 autem
1141 1963 1196 2023 vix
1210 1974 1238 2019 15

196 2083 338 2123 somnum
366 2071 480 2124 tenere.
530 2066 597 2124 Nec
625 2086 722 2124 unum
751 2066 788 2125 de
811 2067 927 2143 populo
948 2113 954 2126 .
978 2113 984 2126 .
1008 2113 1014 2126 .
1038 2069 1055 2139 t
1082 2068 1196 2128 Canuti

198 2174 252 2227 aut
269 2168 343 2227 Arri
361 2171 399 2229 de
424 2170 541 2229 Furnio
566 2176 597 2229 et
620 2171 754 2230 Toranio
774 2190 913 2249 quosque
933 2172 1012 2231 alios
1033 2172 1067 2231 in
1088 2175 1195 2232 eodem

195 2273 425 2333 valetudinario
454 2275 492 2333 ob
520 2275 596 2334 haec
624 2294 695 2335 ossa
721 2281 753 2335 et
780 2275 860 2334 hanc
891 2277 1021 2336 maciem
1053 2278 1196 2354 probant.

195 2378 270 2454 Ipse
290 2378 369 2436 mihi
390 2379 514 2454 Calvus,
536 2399 606 2438 cum
627 2399 723 2438 unum
746 2386 778 2439 et
802 2381 926 2455 viginti,
941 2387 977 2440 ut
999 2388 1084 2458 putu,
1099 2383 1194 2444 libros

194 2482 367 2559 reliquerit,
383 2483 439 2541 vix
459 2483 493 2542 in
512 2503 576 2543 una
596 2491 651 2544 aut
672 2485 771 2544 altera
792 2485 987 2545 oratiuncula
1008 2487 1084 2546 satis
1106 2487 1192 2548 facit.
1206 2497 1236 2543 20

193 2587 225 2645 N
227 2606 261 2646 ec
276 2588 443 2648 dissentire
458 2594 575 2649 ceteros
590 2589 629 2649 ab
645 2589 704 2648 hoo
725 2608 794 2649 meo
813 2590 929 2649 iudicio
951 2591 1057 2650 video:
1080 2599 1193 2668 quotus

194 2691 277 2750 enim
302 2692 435 2770 quisque
460 2693 549 2754 Calvi
575 2693 608 2751 in
632 2694 771 2753 Asitium
796 2700 850 2754 aut
876 2695 909 2754 in
933 2697 1070 2755 Drusum
1092 2696 1193 2772 legit?

193 2795 238 2856 At
264 2797 368 2857 hercle
396 2798 430 2856 in
457 2799 595 2857 omnium
624 2799 833 2859 studiosorum
861 2799 1005 2860 manibus
1028 2808 1194 2862 versantur

193 2902 405 2962 accusationes
420 2903 547 2979 quaein
561 2903 724 2962 Vatinium
741 2904 963 2980 inscribuntur,
979 2925 1014 2964 ac
1028 2907 1192 2983 praecipue

193 3007 329 3066 secunda
343 3025 381 3066 ex
395 3007 446 3067 his
461 3007 579 3082 orati03
602 3014 650 3067 est
671 3009 753 3066 enim
768 3009 873 3068 verbis
890 3016 999 3069 ornata
1019 3017 1051 3070 et
1073 3018 1192 3071 senten·
1205 3021 1234 3066 25

192 3109 257 3186 tiis,
269 3111 396 3171 auribus
410 3111 549 3171 iudicum
563 3113 801 3188 accommodata,
814 3119 849 3172 ut
861 3114 940 3174 scias
955 3115 1057 3192 ipsum
1069 3134 1191 3193 quoque

193 3215 324 3276 Calvum
348 3216 543 3276 intellexisse
568 3217 645 3293 quid
668 3218 780 3278 melius
804 3224 894 3293 esset,
918 3238 975 3278 neo
997 3221 1191 3281 voluntatem

191 3320 230 3395 ei,
246 3340 307 3397 quo
327 3321 430 3380 minus
453 3321 618 3382 sublimius
633 3328 665 3381 et
679 3323 795 3383 cultius
813 3324 939 3399 diceret,
955 3325 1009 3384 sed
1032 3325 1189 3401 ingenium

192 3425 324 3485 ac'vires
339 3426 485 3486 defuisse.
522 3427 630 3496 Quid?
652 3445 691 3486 ex
702 3427 857 3488 Caelianis
873 3429 1064 3488 orationibus
1079 3449 1190 3507 nempe

191 3548 245 3589 eae
260 3529 394 3606 placent,
410 3531 475 3590 sive
492 3531 655 3591 universae
677 3531 743 3591 sive
764 3538 869 3609 partes
891 3552 1006 3608 earum,
1022 3533 1056 3592 in
1077 3535 1190 3610 quibus
1203 3544 1233 3590 30

191 3634 325 3694 nitorem
353 3641 385 3694 et
409 3635 608 3714 altitudinem
634 3637 745 3695 horum
766 3643 940 3714 temporum
962 3639 1188 3714 adgnoscimus.

191 3740 305 3801 Sordes
326 3747 429 3800 autem
452 3731 590 3818 reliqu'ae
608 3743 770 3801 verborum
791 3749 823 3801 et
841 3743 932 3802 hians
954 3746 1137 3822 compositio
1159 3753 1190 3806 et
