2790 4178
411 319 595 370 nmroeus
619 320 668 369 nn
692 319 932 371 curreremus.
1132 315 1174 378 33

172 493 350 571 eloquentia
371 493 607 568 imbuebantur3
630 498 662 552 et
683 512 871 569 quamquam
893 513 989 553 unum
1013 515 1174 573 sequeren-

171 606 231 674 tur,
253 605 358 658 tamen
380 618 486 658 omues
508 599 647 658 eiusdem
668 598 780 658 aetatis
801 605 949 676 patronos
974 601 1007 658 in
1028 601 1173 678 plurimis
1247 650 1249 655 .

172 711 203 764 et
224 705 326 764 causis
348 710 380 763 et
404 704 529 763 iudiciis
555 704 797 780 cognoscebant3
829 704 1047 782 habebantque
1072 707 1172 784 ipsius

171 809 279 886 populi
307 809 591 869 diversissimarum
619 809 741 868 aurium
768 809 899 886 copiam,
922 828 961 868 ex
989 830 1052 887 qua
1078 812 1172 871 facile
1238 864 1240 868 ,

171 915 449 991 deprehenderent,
470 915 546 991 quid
565 914 599 972 in
619 933 742 991 quoque
764 914 814 972 vel
836 915 1018 991 probaretur
1039 916 1090 974 vel
1112 917 1199 976 dis-5
1240 979 1243 984 ,

170 1019 309 1096 pliceret.
352 1020 404 1079 Ita
422 1038 478 1078 nec
494 1025 677 1096 praeceptor
698 1020 813 1093 deerat,
833 1020 970 1097 optimus
992 1021 1118 1097 quidem
1140 1028 1171 1081 et

171 1125 387 1199 electissimus,
404 1125 458 1201 qui
479 1126 593 1183 faeiem
612 1124 806 1200 eloquentiae
826 1144 889 1182 non
904 1125 1072 1200 imaginem
1086 1145 1172 1204 prae-

171 1235 276 1303 staret,
292 1249 349 1288 nec
368 1230 540 1289 adversarii
559 1235 591 1288 et
610 1229 734 1303 aemuli,
753 1230 837 1288 ferro
853 1248 917 1288 non
937 1231 1065 1290 rudibus
1083 1231 1172 1290 dimi-

170 1341 286 1409 cantes,
303 1353 359 1410 nec
376 1335 565 1394 auditorium
587 1325 708 1411 semper
725 1335 851 1411 plenum
872 1334 1010 1413 [semper
1031 1337 1170 1416 novum],

170 1458 209 1498 ex
233 1439 350 1499 invidis
375 1445 407 1498 et
430 1440 620 1515 faventibus,
645 1445 682 1498 ut
709 1458 765 1498 nec
793 1440 870 1499 bene
899 1459 955 1499 nee
977 1440 1058 1499 male
1087 1441 1171 1501 diota
1185 1455 1213 1500 10

170 1545 451 1605 dissimularentur.
503 1545 596 1604 Scitis
624 1544 707 1603 enim
735 1563 879 1619 magnam
908 1544 994 1603 illam
1023 1552 1056 1605 et
1084 1546 1172 1605 dura

170 1656 272 1709 turam
298 1651 494 1727 eloquentiae
520 1650 637 1708 famam
664 1669 727 1708 non
754 1649 858 1709 minus
886 1650 920 1707 in
945 1649 1077 1709 diversis
1102 1651 1171 1710 sub

170 1755 269 1815 selliis
287 1756 391 1833 parari
410 1775 503 1832 quam
520 1755 553 1813 iu
570 1755 653 1830 suis3
676 1755 748 1813 inde
763 1755 840 1831 quin
862 1754 956 1813 immo
975 1755 1170 1815 constantius

170 1880 303 1936 surgere,
319 1861 362 1919 ibi
376 1860 504 1934 fidelius
522 1860 719 1919 corroborari.
762 1860 868 1935 Atque
884 1858 1010 1918 hercule
1027 1860 1085 1919 sub
1101 1860 1168 1920 eius

169 1966 254 2024 modi
272 1965 524 2042 praeceptoribus
540 1964 663 2024 iuvenis
682 1964 736 2023 ille
754 1965 792 2022 de
808 1982 869 2040 quo
888 1963 1054 2041 loquimur,
1072 1969 1210 2024 orato-15

169 2091 238 2129 rum
266 2070 448 2147 discipulus
473 2070 535 2129 fori
564 2069 696 2143 auditor,
722 2073 856 2129 sectator
883 2068 1078 2144 iudiciorum,
1104 2086 1169 2128 eru-

170 2176 254 2236 ditus
282 2181 314 2235 et
342 2175 543 2235 adsuefactus
571 2174 682 2234 alienis
710 2174 942 2251 experimentis
971 2174 1022 2233 oui
1052 2174 1167 2234 cotidie

169 2281 309 2341 audienti
326 2287 418 2340 notae
439 2281 531 2357 leges
548 2300 610 2340 non
631 2279 705 2339 novi
726 2279 864 2338 iudicum
884 2279 1001 2354 vultus,
1019 2280 1167 2358 frequens

167 2387 201 2444 in
229 2387 326 2446 oculis
351 2387 541 2446 consuetudo
566 2385 754 2459 contionum,
779 2403 871 2462 saepe
896 2385 1038 2460 cognitae
1059 2384 1167 2462 populi

169 2511 267 2568 aureS,
293 2493 359 2553 sive
387 2492 613 2552 accusationem
643 2496 822 2567 susceperat
849 2491 915 2550 sive
943 2490 1166 2566 defensionem,
1181 2503 1210 2549 20

169 2598 252 2657 solus
276 2597 383 2657 statim
401 2603 432 2656 et
452 2616 532 2656 unus
552 2596 735 2672 cuicumque
756 2614 866 2654 causae
883 2613 939 2672 par
957 2601 1030 2654 erat.
1074 2597 1167 2655 Nono

168 2703 288 2761 decimo
315 2702 427 2762 aetatis
455 2720 536 2761 anno
565 2702 598 2759 L.
626 2701 755 2760 Crassus
781 2701 813 2760 C.
838 2701 1018 2775 Carbonem,
1043 2720 1105 2759 uno
1135 2706 1167 2760 et

169 2808 337 2867 vicensimo
362 2808 476 2868 Caesar
500 2805 705 2879 Dolabellam,
728 2805 827 2864 altero
851 2810 883 2864 et
906 2804 1077 2865 vicensimo
1098 2806 1167 2866 Asi-

168 2914 239 2972 nius
256 2912 359 2972 Pollio
381 2913 412 2972 C.
436 2912 595 2985 Catonem,
617 2930 679 2969 non
701 2909 836 2968 multum
857 2915 959 2968 aetate
980 2911 1165 2970 antecedens

169 3017 282 3078 Calvus
297 3016 460 3079 Vatinium
477 3017 517 3076 iis
532 3015 724 3075 orationibus
739 3015 873 3075 insecuti
891 3020 974 3089 sunt,
989 3034 1066 3092 quas
1080 3015 1167 3075 hodi·
1179 3030 1209 3076 25

168 3141 246 3200 eque
261 3142 329 3182 cum
344 3122 550 3182 admiratione
564 3121 705 3196 legimus.

208 3227 256 3288 35.
284 3227 343 3286 ‘At
354 3246 436 3286 nunc
448 3226 673 3287 adulescentuli
685 3225 784 3286 nostri
794 3226 990 3285 deducuntur
1000 3225 1034 3285 in
1046 3226 1167 3287 scholas

168 3333 298 3392 istorum
314 3332 368 3409 qui
383 3332 521 3391 rhetores
533 3338 699 3406 vocantur,
722 3350 799 3408 quos
814 3331 907 3408 paulo
922 3337 995 3390 ante
1010 3331 1167 3392 Ciceronis

168 3443 309 3514 tempora
329 3436 472 3496 extitisse
493 3455 549 3495 nec
570 3436 725 3513 placuisse
744 3436 913 3495 maioribus
935 3436 1051 3496 nostris
1073 3455 1112 3495 ex
1131 3456 1167 3496 eo

169 3543 370 3601 manifestum
393 3547 450 3617 est,
465 3542 549 3619 quod
566 3560 584 3599 a
603 3540 680 3622 [m]
697 3541 809 3601 Crasso
826 3547 857 3600 et
876 3541 1015 3601 Domitio
1036 3542 1167 3602 censori·
1179 3557 1209 3602 30

168 3648 226 3707 bus
241 3647 373 3722 eludere,
393 3652 429 3705 ut
448 3647 493 3729 ait
512 3647 627 3720 Cicero,
646 3649 750 3706 lardum
767 3649 970 3722 impudentiae
987 3646 1066 3707 iussi
1084 3652 1165 3707 sunt.

170 3753 239 3827 Sed,
265 3758 301 3811 ut
328 3751 431 3813 dicere
458 3751 665 3826 institueram,
691 3751 886 3812 deducuntur
913 3751 947 3810 in
977 3751 1108 3827 scholas,
1133 3751 1168 3810 in
