2790 4178
368 330 553 380 11111111
576 331 625 379 nu
649 330 889 380 1111111111.
1110 321 1129 383 3

129 511 285 564 maturare
300 503 372 562 libri
387 504 480 563 huius
495 504 663 563 editionem
683 503 809 579 festino,
824 509 860 562 ut
880 503 1010 564 dimissa
1027 503 1130 581 priore

129 616 204 670 cura
221 628 319 669 novae
334 609 516 683 cogitationi
531 615 598 668 toto
612 615 737 686 pectore
752 609 948 668 incumbam!

170 715 272 774 ‘Adeo
293 720 324 773 te
345 713 523 789 tragoediae
548 714 627 774 istae
655 733 716 773 non
746 714 877 773 satiant'
903 714 1007 791 inquit
1034 713 1128 791 Aper,

131 819 465 897 ί11111111111111111
481 819 655 878 orationum
677 825 708 879 et
727 837 888 879 causarum
909 819 1023 878 studiis
1039 837 1129 877 omne

129 931 253 1001 tempus
275 924 366 986 modo
387 924 470 982 circa
490 924 643 998 Medeam,
663 942 733 983 ecce
753 942 836 983 nunc
857 923 940 983 circa
958 923 1157 1000 Thyestemo

130 1032 318 1090 consumas?
339 1047 409 1088 cum
429 1034 460 1087 te
480 1034 528 1088 tot
547 1029 716 1088 amicorum
735 1047 855 1104 causae,
870 1034 918 1088 tot
939 1029 1130 1088 coloniarum

130 1141 162 1194 et
183 1134 422 1212 municipiorum
445 1134 607 1194 clientelae
629 1135 662 1192 in
681 1134 785 1193 forum
802 1139 923 1208 vocent,
941 1133 1054 1210 quibus
1076 1133 1130 1192 vix

131 1239 299 1313 suffeceris
322 1239 416 1299 etiarn
441 1239 468 1298 si
493 1258 554 1298 non
577 1258 691 1298 novum
716 1238 775 1298 tibi
800 1238 867 1315 ipse
892 1237 1051 1314 negotium
1077 1239 1130 1296 im-

131 1350 297 1421 portasses,
312 1350 348 1403 ut
369 1344 543 1403 Domitium
565 1349 597 1429 et
618 1327 776 1418 Catonem,
792 1343 825 1401 id
846 1347 894 1402 est
914 1349 1037 1402 nostras
1059 1361 1131 1419 quo

131 1467 192 1526 que
216 1448 364 1509 historias
391 1453 423 1507 et
450 1449 591 1508 Romana
616 1448 743 1508 nomina
767 1447 988 1509 Graeculorum
1013 1447 1130 1507 fabulis
1144 1459 1173 1504 10

132 1555 334 1631 adgregatos!

171 1659 199 1718 4.
228 1661 271 1718 Et
291 1661 454 1719 Maternus
477 1659 697 1718 ‘Perturbarer
718 1659 776 1718 hac
797 1664 853 1718 tua
874 1658 1050 1733 severitate,
1068 1658 1131 1718 nisi

131 1766 280 1842 frequens
295 1771 327 1823 et
341 1764 473 1824 adsidua
487 1765 576 1825 nobis
591 1764 750 1823 contentio
765 1764 827 1823 iam
845 1782 941 1841 prope
960 1764 992 1821 in
1008 1782 1132 1822 consue-

131 1870 272 1930 tudinem
288 1869 442 1929 vertisset.
487 1870 570 1928 Nam
585 1886 641 1927 neo
655 1875 692 1928 tu
706 1869 824 1943 agitare
840 1874 872 1927 et
886 1868 1008 1945 insequi
1023 1873 1131 1945 poetas

132 1974 326 2048 intermittis,
352 1980 383 2033 11
411 1992 475 2049 ege,
501 1973 551 2032 cui
579 1973 737 2033 desidiam'
759 1973 996 2032 advocationum
1024 1971 1130 2047 11111111,
1145 1993 1173 2038 15

132 2079 321 2139 cotidianum
352 2079 409 2139 hoc
427 2062 655 2167 [patrocinium
676 2079 890 2150 defendendae
921 2079 1070 2138 adversus
1099 2083 1130 2136 te
1194 2052 1313 2111 ‘illl'
1355 2058 1361 2109 l

133 2184 272 2261 poeticae
305 2201 439 2243 exerceo
504 2184 571 2253 Quo
606 2183 704 2242 laetor
737 2183 836 2260 magis
858 2166 1015 2269 [oblatum
1040 2181 1130 2243 nobis
1195 2194 1251 2231 rr·
1270 2192 1314 2227 >⁸-

132 2289 275 2362 iudicem,
304 2289 359 2366 qui
387 2306 435 2347 me
463 2288 514 2346 vel
543 2289 576 2346 in
603 2288 746 2347 futurum
773 2293 859 2347 vetet
887 2307 995 2348 versus
1028 2287 1131 2347 facere

133 2394 192 2469 vel,
208 2394 291 2471 quod
312 2394 374 2453 iam
396 2393 517 2470 pridem
537 2400 618 2470 opto,
635 2411 690 2452 sua
705 2411 827 2470 quoque
848 2393 1032 2452 auctoritate
1054 2411 1132 2451 com-

132 2499 239 2575 pellat,
253 2504 290 2558 ut
311 2497 434 2558 omissis
456 2498 627 2558 forensium
650 2516 812 2557 causarum
834 2497 996 2572 angustiis,
1012 2498 1045 2555 in
1067 2498 1173 2575 qui-20

62 2676 66 2683 Ι
132 2604 190 2663 bus
207 2603 285 2662 mihi
303 2603 379 2663 satis
395 2621 547 2679 superque
562 2603 708 2662 sudatum
724 2608 780 2675 est,
797 2602 982 2662 sanctiorem
997 2601 1085 2662 illam
1100 2609 1132 2661 et

133 2708 343 2783 augustiorem
358 2708 567 2784 eloquentiam
583 2707 702 2767 colam!

172 2814 200 2874 5.
230 2819 238 2849 ‘
247 2814 314 2890 Ego
328 2813 419 2873 verc'
434 2813 538 2890 inquit
554 2813 722 2886 Secundus,
736 2819 918 2891 ‘antequam
933 2831 982 2871 me
997 2813 1131 2872 iudicem

133 2919 219 2996 Aper
229 2924 358 2993 recuset,
371 2918 494 2992 faciam,
506 2918 590 2995 quod
602 2918 690 2995 probi
702 2924 733 2977 et
745 2918 877 2978 modesti
889 2918 1008 2978 iudices
1020 2918 1130 2994 solent,

133 3024 214 3082 utin
230 3023 269 3084 iis
284 3023 512 3098 cognitionibus
531 3040 564 3082 se
579 3029 736 3097 excusent,
751 3023 784 3081 in
800 3023 912 3100 quibus
927 3022 1131 3084 manifestum
1144 3040 1173 3084 25

80 3185 83 3193 .
133 3134 181 3188 est
202 3128 332 3200 alteram
357 3128 441 3204 apud
465 3145 516 3186 eos
541 3133 663 3204 partem
687 3127 788 3202 gratia
810 3127 999 3205 praevalere.
1055 3127 1131 3198 Quis

133 3232 217 3291 enim
231 3232 330 3293 nescit
343 3232 501 3291 neminem
515 3231 594 3290 mihi
604 3231 848 3291 coniunctiorem
859 3251 927 3292 esse
939 3239 970 3292 11
984 3252 1044 3292 111
1058 3232 1132 3291 ami-

132 3337 225 3397 citiae
246 3343 278 3396 et
298 3337 488 3397 adsiduitate
509 3336 704 3396 contubernii
719 3356 813 3414 quam
833 3337 971 3396 Saleium
989 3338 1131 3411 Bassum,

132 3461 201 3501 curn
214 3442 364 3520 optimum
375 3442 477 3499 virum
492 3446 558 3500 turn
574 3441 841 3501 absolutissimum
853 3444 1000 3518 poetam?
1034 3443 1131 3500 Porro

133 3547 160 3608 si
188 3546 310 3624 poetica
333 3552 504 3618 accusatur,
529 3565 591 3604 non
616 3545 713 3604 alium
738 3546 830 3605 video
857 3564 944 3605 reum
972 3546 1174 3622 locupleti-30

133 3654 236 3711 orem!
