<?xml version="1.0" encoding="UTF-8"?>
<!DOCTYPE html PUBLIC "-//W3C//DTD XHTML 1.0 Transitional//EN"
    "http://www.w3.org/TR/xhtml1/DTD/xhtml1-transitional.dtd">
<html xmlns="http://www.w3.org/1999/xhtml" xml:lang="en" lang="en">
 <head>
  <title>
</title>
<meta http-equiv="Content-Type" content="text/html;charset=utf-8" />
  <meta name='ocr-system' content='tesseract 3.04.00' />
  <meta name='ocr-capabilities' content='ocr_page ocr_carea ocr_par ocr_line ocrx_word'/>
</head>
<body>
  <div class='ocr_page' id='page_1' title='image "./dialogusdeorato02gudegoog_0069.png"; bbox 0 0 2782 4170; ppageno 0'>
   <div class='ocr_carea' id='block_1_1' title="bbox 245 287 931 351">
    <p class='ocr_par' dir='ltr' id='par_1_1' title="bbox 245 287 931 351">
     <span class='ocr_line' id='line_1_1' title="bbox 245 287 931 351; baseline -0.007 0"><span class='ocrx_word' id='word_1_1' title='bbox 245 287 286 351; x_wconf 84' lang='lat'>30</span> <span class='ocrx_word' id='word_1_2' title='bbox 555 299 583 347; x_wconf 87' lang='lat' dir='ltr'>r.</span> <span class='ocrx_word' id='word_1_3' title='bbox 610 296 784 347; x_wconf 80' lang='lat' dir='ltr'>oonrnmr</span> <span class='ocrx_word' id='word_1_4' title='bbox 807 297 931 348; x_wconf 76' lang='lat' dir='ltr'>rnerrr</span> 
     </span>
    </p>
   </div>
   <div class='ocr_carea' id='block_1_2' title="bbox 192 469 1242 3801">
    <p class='ocr_par' dir='ltr' id='par_1_2' title="bbox 192 469 1273 3801">
     <span class='ocr_line' id='line_1_2' title="bbox 243 469 1242 548; baseline 0.001 -19"><span class='ocrx_word' id='word_1_5' title='bbox 243 470 361 529; x_wconf 90' lang='lat' dir='ltr'>tionem</span> <span class='ocrx_word' id='word_1_6' title='bbox 379 475 503 547; x_wconf 85' lang='lat' dir='ltr'>paratos</span> <span class='ocrx_word' id='word_1_7' title='bbox 526 470 586 528; x_wconf 90' lang='lat' dir='ltr'>iam</span> <span class='ocrx_word' id='word_1_8' title='bbox 609 470 700 528; x_wconf 91' lang='lat' dir='ltr'>locos.</span> <span class='ocrx_word' id='word_1_9' title='bbox 744 470 873 529; x_wconf 91' lang='lat' dir='ltr'>Dabunt</span> <span class='ocrx_word' id='word_1_10' title='bbox 894 469 1076 529; x_wconf 76' lang='lat' dir='ltr'><strong>Academici</strong></span> <span class='ocrx_word' id='word_1_11' title='bbox 1097 471 1242 548; x_wconf 89' lang='lat' dir='ltr'>pugnaci-</span> 
     </span>
     <span class='ocr_line' id='line_1_3' title="bbox 243 560 1241 652; baseline 0 -18"><span class='ocrx_word' id='word_1_12' title='bbox 243 581 350 650; x_wconf 84' lang='lat' dir='ltr'>tatem,</span> <span class='ocrx_word' id='word_1_13' title='bbox 375 574 468 633; x_wconf 92' lang='lat' dir='ltr'>Plato</span> <span class='ocrx_word' id='word_1_14' title='bbox 496 574 705 649; x_wconf 81' lang='lat' dir='ltr'>altitudinem,</span> <span class='ocrx_word' id='word_1_15' title='bbox 730 575 907 652; x_wconf 84' lang='lat' dir='ltr'>Xenophon</span> <span class='ocrx_word' id='word_1_16' title='bbox 931 560 1174 650; x_wconf 67' lang='lat' dir='ltr'>iucunditatem</span> <span class='ocrx_word' id='word_1_17' title='bbox 1202 595 1241 635; x_wconf 91' lang='lat' dir='ltr'>ne</span> 
     </span>
     <span class='ocr_line' id='line_1_4' title="bbox 243 679 1241 757; baseline 0.002 -19"><span class='ocrx_word' id='word_1_18' title='bbox 243 680 371 756; x_wconf 87' lang='lat' dir='ltr'>Epicuri</span> <span class='ocrx_word' id='word_1_19' title='bbox 393 680 519 756; x_wconf 90' lang='lat' dir='ltr'>quidem</span> <span class='ocrx_word' id='word_1_20' title='bbox 540 685 572 738; x_wconf 88' lang='lat' dir='ltr'>et</span> <span class='ocrx_word' id='word_1_21' title='bbox 592 679 764 738; x_wconf 81' lang='lat' dir='ltr'>Metrodori</span> <span class='ocrx_word' id='word_1_22' title='bbox 789 679 936 739; x_wconf 88' lang='lat' dir='ltr'>honestas</span> <span class='ocrx_word' id='word_1_23' title='bbox 964 680 1114 757; x_wconf 88' lang='lat' dir='ltr'>quasdam</span> <span class='ocrx_word' id='word_1_24' title='bbox 1143 681 1241 740; x_wconf 82' lang='lat' dir='ltr'>excla</span> 
     </span>
     <span class='ocr_line' id='line_1_5' title="bbox 243 785 1240 862; baseline 0.001 -19"><span class='ocrx_word' id='word_1_25' title='bbox 243 786 394 845; x_wconf 89' lang='lat' dir='ltr'>mationes</span> <span class='ocrx_word' id='word_1_26' title='bbox 412 787 573 844; x_wconf 85' lang='lat' dir='ltr'><strong>adsumere</strong></span> <span class='ocrx_word' id='word_1_27' title='bbox 594 785 710 861; x_wconf 90' lang='lat' dir='ltr'>eisque,</span> <span class='ocrx_word' id='word_1_28' title='bbox 726 791 819 861; x_wconf 90' lang='lat' dir='ltr'>prout</span> <span class='ocrx_word' id='word_1_29' title='bbox 840 804 889 844; x_wconf 93' lang='lat' dir='ltr'>res</span> <span class='ocrx_word' id='word_1_30' title='bbox 910 785 1019 862; x_wconf 88' lang='lat' dir='ltr'>poscit,</span> <span class='ocrx_word' id='word_1_31' title='bbox 1034 786 1082 844; x_wconf 91' lang='lat' dir='ltr'>uti</span> <span class='ocrx_word' id='word_1_32' title='bbox 1103 785 1240 845; x_wconf 88' lang='lat' dir='ltr'>alienum</span> 
     </span>
     <span class='ocr_line' id='line_1_6' title="bbox 214 880 1240 968; baseline 0.002 -19"><span class='ocrx_word' id='word_1_33' title='bbox 214 892 303 958; x_wconf 71' lang='lat' dir='ltr'>serit</span> <span class='ocrx_word' id='word_1_34' title='bbox 317 892 441 950; x_wconf 88' lang='lat' dir='ltr'>oratori.</span> <span class='ocrx_word' id='word_1_35' title='bbox 484 892 595 967; x_wconf 80' lang='lat' dir='ltr'>Neque</span> <span class='ocrx_word' id='word_1_36' title='bbox 613 890 696 948; x_wconf 91' lang='lat' dir='ltr'>enim</span> <span class='ocrx_word' id='word_1_37' title='bbox 719 890 892 968; x_wconf 80' lang='lat' dir='ltr'>sapientem</span> <span class='ocrx_word' id='word_1_38' title='bbox 914 880 1118 952; x_wconf 82' lang='lat' dir='ltr'>informamus</span> <span class='ocrx_word' id='word_1_39' title='bbox 1140 910 1240 968; x_wconf 91' lang='lat' dir='ltr'>neque</span> 
     </span>
     <span class='ocr_line' id='line_1_7' title="bbox 244 995 1238 1073; baseline 0 -17"><span class='ocrx_word' id='word_1_40' title='bbox 244 997 417 1056; x_wconf 82' lang='lat' dir='ltr'>Stoicorum</span> <span class='ocrx_word' id='word_1_41' title='bbox 431 995 584 1070; x_wconf 89' lang='lat' dir='ltr'>comitem,</span> <span class='ocrx_word' id='word_1_42' title='bbox 601 996 656 1056; x_wconf 90' lang='lat' dir='ltr'>sed</span> <span class='ocrx_word' id='word_1_43' title='bbox 670 1014 741 1054; x_wconf 90' lang='lat' dir='ltr'>eum</span> <span class='ocrx_word' id='word_1_44' title='bbox 757 996 811 1073; x_wconf 94' lang='lat' dir='ltr'>qui</span> <span class='ocrx_word' id='word_1_45' title='bbox 832 996 983 1072; x_wconf 88' lang='lat' dir='ltr'>quasdam</span> <span class='ocrx_word' id='word_1_46' title='bbox 1004 1002 1087 1056; x_wconf 89' lang='lat' dir='ltr'>artes</span> <span class='ocrx_word' id='word_1_47' title='bbox 1104 997 1238 1072; x_wconf 89' lang='lat' dir='ltr'>haurire,</span> 
     </span>
     <span class='ocr_line' id='line_1_8' title="bbox 242 1101 1238 1179; baseline 0.001 -19"><span class='ocrx_word' id='word_1_48' title='bbox 242 1120 348 1162; x_wconf 92' lang='lat' dir='ltr'>omnes</span> <span class='ocrx_word' id='word_1_49' title='bbox 374 1102 470 1161; x_wconf 90' lang='lat' dir='ltr'>libare</span> <span class='ocrx_word' id='word_1_50' title='bbox 495 1102 596 1161; x_wconf 91' lang='lat' dir='ltr'>debet.</span> <span class='ocrx_word' id='word_1_51' title='bbox 640 1102 778 1179; x_wconf 89' lang='lat' dir='ltr'>Ideoque</span> <span class='ocrx_word' id='word_1_52' title='bbox 799 1106 831 1160; x_wconf 90' lang='lat' dir='ltr'>et</span> <span class='ocrx_word' id='word_1_53' title='bbox 851 1101 928 1160; x_wconf 87' lang='lat' dir='ltr'>iuris</span> <span class='ocrx_word' id='word_1_54' title='bbox 950 1101 1054 1160; x_wconf 89' lang='lat' dir='ltr'>civilis</span> <span class='ocrx_word' id='word_1_55' title='bbox 1076 1101 1238 1162; x_wconf 86' lang='lat' dir='ltr'>scientiam</span> 
     </span>
     <span class='ocr_line' id='line_1_9' title="bbox 240 1190 1240 1283; baseline 0.001 -18"><span class='ocrx_word' id='word_1_56' title='bbox 240 1213 362 1267; x_wconf 87' lang='lat' dir='ltr'>veteres</span> <span class='ocrx_word' id='word_1_57' title='bbox 378 1213 514 1266; x_wconf 89' lang='lat' dir='ltr'>oratores</span> <span class='ocrx_word' id='word_1_58' title='bbox 530 1190 842 1283; x_wconf 79' lang='lat' dir='ltr'>comprehendebant,</span> <span class='ocrx_word' id='word_1_59' title='bbox 855 1212 886 1265; x_wconf 89' lang='lat' dir='ltr'>et</span> <span class='ocrx_word' id='word_1_60' title='bbox 901 1207 1102 1282; x_wconf 89' lang='lat' dir='ltr'>grammatica</span> <span class='ocrx_word' id='word_1_61' title='bbox 1120 1207 1240 1267; x_wconf 87' lang='lat' dir='ltr'>musica</span> 
     </span>
     <span class='ocr_line' id='line_1_10' title="bbox 241 1311 1238 1389; baseline 0.001 -19"><span class='ocrx_word' id='word_1_62' title='bbox 241 1312 412 1387; x_wconf 85' lang='lat' dir='ltr'>geometria</span> <span class='ocrx_word' id='word_1_63' title='bbox 425 1312 659 1370; x_wconf 85' lang='lat' dir='ltr'>imbuebantur:</span> <span class='ocrx_word' id='word_1_64' title='bbox 684 1311 829 1370; x_wconf 87' lang='lat' dir='ltr'>incidunt</span> <span class='ocrx_word' id='word_1_65' title='bbox 850 1311 933 1370; x_wconf 90' lang='lat' dir='ltr'>enim</span> <span class='ocrx_word' id='word_1_66' title='bbox 952 1330 1070 1387; x_wconf 83' lang='lat' dir='ltr'>causae,</span> <span class='ocrx_word' id='word_1_67' title='bbox 1085 1311 1238 1389; x_wconf 81' lang='lat' dir='ltr'>plurimae</span> 
     </span>
     <span class='ocr_line' id='line_1_11' title="bbox 200 1415 1241 1495; baseline 0.001 -20"><span class='ocrx_word' id='word_1_68' title='bbox 200 1438 228 1483; x_wconf 90' lang='lat'>10</span> <span class='ocrx_word' id='word_1_69' title='bbox 241 1418 366 1493; x_wconf 91' lang='lat' dir='ltr'>quidem</span> <span class='ocrx_word' id='word_1_70' title='bbox 389 1437 424 1477; x_wconf 89' lang='lat' dir='ltr'>ac</span> <span class='ocrx_word' id='word_1_71' title='bbox 445 1435 543 1495; x_wconf 88' lang='lat' dir='ltr'>paene</span> <span class='ocrx_word' id='word_1_72' title='bbox 565 1435 681 1491; x_wconf 91' lang='lat' dir='ltr'>omnes,</span> <span class='ocrx_word' id='word_1_73' title='bbox 704 1415 817 1491; x_wconf 91' lang='lat' dir='ltr'>quibus</span> <span class='ocrx_word' id='word_1_74' title='bbox 845 1415 923 1475; x_wconf 89' lang='lat' dir='ltr'>iuris</span> <span class='ocrx_word' id='word_1_75' title='bbox 951 1416 1067 1477; x_wconf 89' lang='lat' dir='ltr'>notitia</span> <span class='ocrx_word' id='word_1_76' title='bbox 1087 1417 1241 1476; x_wconf 78' lang='lat' dir='ltr'>desidera</span> 
     </span>
     <span class='ocr_line' id='line_1_12' title="bbox 240 1518 1237 1599; baseline -0.002 -18"><span class='ocrx_word' id='word_1_77' title='bbox 240 1528 300 1597; x_wconf 89' lang='lat' dir='ltr'>tur,</span> <span class='ocrx_word' id='word_1_78' title='bbox 326 1522 492 1599; x_wconf 89' lang='lat' dir='ltr'>pleraeque</span> <span class='ocrx_word' id='word_1_79' title='bbox 517 1526 630 1593; x_wconf 84' lang='lat' dir='ltr'>autem,</span> <span class='ocrx_word' id='word_1_80' title='bbox 655 1519 689 1576; x_wconf 91' lang='lat' dir='ltr'>in</span> <span class='ocrx_word' id='word_1_81' title='bbox 713 1519 826 1595; x_wconf 92' lang='lat' dir='ltr'>quibus</span> <span class='ocrx_word' id='word_1_82' title='bbox 854 1518 930 1577; x_wconf 90' lang='lat' dir='ltr'>haec</span> <span class='ocrx_word' id='word_1_83' title='bbox 954 1537 1077 1596; x_wconf 89' lang='lat' dir='ltr'>quoque</span> <span class='ocrx_word' id='word_1_84' title='bbox 1106 1519 1237 1580; x_wconf 88' lang='lat' dir='ltr'>scientia</span> 
     </span>
     <span class='ocr_line' id='line_1_13' title="bbox 240 1627 418 1703; baseline -0.011 -18"><span class='ocrx_word' id='word_1_85' title='bbox 240 1627 418 1703; x_wconf 85' lang='lat' dir='ltr'>requiritur.</span> 
     </span>
     <span class='ocr_line' id='line_1_14' title="bbox 280 1728 1236 1808; baseline -0.001 -17"><span class='ocrx_word' id='word_1_86' title='bbox 280 1731 328 1791; x_wconf 82' lang='lat'>32.</span> <span class='ocrx_word' id='word_1_87' title='bbox 359 1733 441 1790; x_wconf 85' lang='lat' dir='ltr'>‘Nec</span> <span class='ocrx_word' id='word_1_88' title='bbox 456 1730 620 1807; x_wconf 90' lang='lat' dir='ltr'>quisquam</span> <span class='ocrx_word' id='word_1_89' title='bbox 638 1730 824 1806; x_wconf 89' lang='lat' dir='ltr'>respondeat</span> <span class='ocrx_word' id='word_1_90' title='bbox 843 1728 981 1788; x_wconf 89' lang='lat' dir='ltr'>sufficere</span> <span class='ocrx_word' id='word_1_91' title='bbox 999 1735 1035 1788; x_wconf 92' lang='lat' dir='ltr'>ut</span> <span class='ocrx_word' id='word_1_92' title='bbox 1055 1730 1094 1788; x_wconf 91' lang='lat' dir='ltr'>ad</span> <span class='ocrx_word' id='word_1_93' title='bbox 1113 1736 1236 1808; x_wconf 91' lang='lat' dir='ltr'>tempus</span> 
     </span>
     <span class='ocr_line' id='line_1_15' title="bbox 253 1835 1236 1914; baseline -0.003 -17"><span class='ocrx_word' id='word_1_94' title='bbox 253 1838 386 1914; x_wconf 85' lang='lat' dir='ltr'>simplex</span> <span class='ocrx_word' id='word_1_95' title='bbox 401 1837 549 1914; x_wconf 92' lang='lat' dir='ltr'>quiddam</span> <span class='ocrx_word' id='word_1_96' title='bbox 565 1841 597 1894; x_wconf 88' lang='lat' dir='ltr'>et</span> <span class='ocrx_word' id='word_1_97' title='bbox 611 1835 767 1894; x_wconf 80' lang='lat' dir='ltr'>uniforme</span> <span class='ocrx_word' id='word_1_98' title='bbox 782 1836 953 1894; x_wconf 81' lang='lat' dir='ltr'>doceamur.</span> <span class='ocrx_word' id='word_1_99' title='bbox 996 1835 1137 1894; x_wconf 88' lang='lat' dir='ltr'>Primum</span> <span class='ocrx_word' id='word_1_100' title='bbox 1153 1837 1236 1895; x_wconf 89' lang='lat' dir='ltr'>enim</span> 
     </span>
     <span class='ocr_line' id='line_1_16' title="bbox 198 1940 1236 2019; baseline -0.006 -13"><span class='ocrx_word' id='word_1_101' title='bbox 198 1962 225 2006; x_wconf 85' lang='lat'>15</span> <span class='ocrx_word' id='word_1_102' title='bbox 240 1944 332 2002; x_wconf 90' lang='lat' dir='ltr'>aliter</span> <span class='ocrx_word' id='word_1_103' title='bbox 348 1943 466 2001; x_wconf 87' lang='lat' dir='ltr'>utimur</span> <span class='ocrx_word' id='word_1_104' title='bbox 480 1941 623 2019; x_wconf 87' lang='lat' dir='ltr'>propriis,</span> <span class='ocrx_word' id='word_1_105' title='bbox 640 1941 733 2000; x_wconf 84' lang='lat' dir='ltr'>aliter</span> <span class='ocrx_word' id='word_1_106' title='bbox 749 1941 960 2015; x_wconf 86' lang='lat' dir='ltr'>commodatis,</span> <span class='ocrx_word' id='word_1_107' title='bbox 976 1940 1129 2018; x_wconf 89' lang='lat' dir='ltr'>longeque</span> <span class='ocrx_word' id='word_1_108' title='bbox 1144 1942 1236 2000; x_wconf 89' lang='lat' dir='ltr'>inter-</span> 
     </span>
     <span class='ocr_line' id='line_1_17' title="bbox 239 2046 1235 2124; baseline -0.003 -17"><span class='ocrx_word' id='word_1_109' title='bbox 239 2067 306 2107; x_wconf 84' lang='lat' dir='ltr'>esse</span> <span class='ocrx_word' id='word_1_110' title='bbox 334 2047 537 2106; x_wconf 81' lang='lat' dir='ltr'>manifestum</span> <span class='ocrx_word' id='word_1_111' title='bbox 567 2052 623 2120; x_wconf 89' lang='lat' dir='ltr'>est,</span> <span class='ocrx_word' id='word_1_112' title='bbox 649 2046 809 2123; x_wconf 88' lang='lat' dir='ltr'>possideat</span> <span class='ocrx_word' id='word_1_113' title='bbox 838 2046 908 2124; x_wconf 89' lang='lat' dir='ltr'>quis</span> <span class='ocrx_word' id='word_1_114' title='bbox 938 2064 1018 2122; x_wconf 89' lang='lat' dir='ltr'>quae</span> <span class='ocrx_word' id='word_1_115' title='bbox 1047 2047 1167 2123; x_wconf 86' lang='lat' dir='ltr'>profert</span> <span class='ocrx_word' id='word_1_116' title='bbox 1195 2065 1235 2106; x_wconf 91' lang='lat' dir='ltr'>an</span> 
     </span>
     <span class='ocr_line' id='line_1_18' title="bbox 238 2150 1235 2228; baseline 0 -18"><span class='ocrx_word' id='word_1_117' title='bbox 238 2159 405 2211; x_wconf 89' lang='lat' dir='ltr'>mutuetur.</span> <span class='ocrx_word' id='word_1_118' title='bbox 448 2152 570 2210; x_wconf 86' lang='lat' dir='ltr'>Deinde</span> <span class='ocrx_word' id='word_1_119' title='bbox 586 2152 655 2228; x_wconf 87' lang='lat' dir='ltr'>ipsa</span> <span class='ocrx_word' id='word_1_120' title='bbox 668 2150 837 2210; x_wconf 90' lang='lat' dir='ltr'>multarum</span> <span class='ocrx_word' id='word_1_121' title='bbox 857 2151 972 2210; x_wconf 91' lang='lat' dir='ltr'>artium</span> <span class='ocrx_word' id='word_1_122' title='bbox 992 2151 1122 2210; x_wconf 87' lang='lat' dir='ltr'>scientia</span> <span class='ocrx_word' id='word_1_123' title='bbox 1140 2151 1235 2211; x_wconf 86' lang='lat' dir='ltr'>etiam</span> 
     </span>
     <span class='ocr_line' id='line_1_19' title="bbox 238 2256 1235 2333; baseline 0 -17"><span class='ocrx_word' id='word_1_124' title='bbox 238 2257 325 2316; x_wconf 92' lang='lat' dir='ltr'>aliud</span> <span class='ocrx_word' id='word_1_125' title='bbox 340 2263 466 2331; x_wconf 79' lang='lat' dir='ltr'>agentes</span> <span class='ocrx_word' id='word_1_126' title='bbox 482 2276 537 2316; x_wconf 90' lang='lat' dir='ltr'>nos</span> <span class='ocrx_word' id='word_1_127' title='bbox 553 2261 643 2315; x_wconf 92' lang='lat' dir='ltr'>ornat</span> <span class='ocrx_word' id='word_1_128' title='bbox 657 2262 760 2333; x_wconf 89' lang='lat' dir='ltr'>atque,</span> <span class='ocrx_word' id='word_1_129' title='bbox 775 2256 830 2314; x_wconf 91' lang='lat' dir='ltr'>ubi</span> <span class='ocrx_word' id='word_1_130' title='bbox 844 2256 971 2314; x_wconf 92' lang='lat' dir='ltr'>minime</span> <span class='ocrx_word' id='word_1_131' title='bbox 986 2257 1103 2330; x_wconf 66' lang='lat' dir='ltr'>credere,</span> <span class='ocrx_word' id='word_1_132' title='bbox 1119 2257 1235 2316; x_wconf 86' lang='lat' dir='ltr'>eminet</span> 
     </span>
     <span class='ocr_line' id='line_1_20' title="bbox 238 2361 1234 2438; baseline -0.002 -17"><span class='ocrx_word' id='word_1_133' title='bbox 238 2368 270 2421; x_wconf 91' lang='lat' dir='ltr'>et</span> <span class='ocrx_word' id='word_1_134' title='bbox 293 2362 428 2435; x_wconf 81' lang='lat' dir='ltr'>excellit,</span> <span class='ocrx_word' id='word_1_135' title='bbox 447 2362 540 2438; x_wconf 90' lang='lat' dir='ltr'>idque</span> <span class='ocrx_word' id='word_1_136' title='bbox 563 2381 626 2419; x_wconf 91' lang='lat' dir='ltr'>non</span> <span class='ocrx_word' id='word_1_137' title='bbox 647 2362 756 2420; x_wconf 88' lang='lat' dir='ltr'>doctus</span> <span class='ocrx_word' id='word_1_138' title='bbox 778 2361 869 2419; x_wconf 91' lang='lat' dir='ltr'>modo</span> <span class='ocrx_word' id='word_1_139' title='bbox 890 2366 922 2419; x_wconf 90' lang='lat' dir='ltr'>et</span> <span class='ocrx_word' id='word_1_140' title='bbox 943 2362 1080 2437; x_wconf 92' lang='lat' dir='ltr'>prudens</span> <span class='ocrx_word' id='word_1_141' title='bbox 1102 2361 1234 2437; x_wconf 87' lang='lat' dir='ltr'>auditor,</span> 
     </span>
     <span class='ocr_line' id='line_1_21' title="bbox 195 2464 1235 2543; baseline -0.005 -12"><span class='ocrx_word' id='word_1_142' title='bbox 195 2486 225 2531; x_wconf 83' lang='lat'>20</span> <span class='ocrx_word' id='word_1_143' title='bbox 239 2468 294 2527; x_wconf 89' lang='lat' dir='ltr'>sed</span> <span class='ocrx_word' id='word_1_144' title='bbox 318 2469 412 2525; x_wconf 89' lang='lat' dir='ltr'>etiam</span> <span class='ocrx_word' id='word_1_145' title='bbox 437 2465 571 2542; x_wconf 91' lang='lat' dir='ltr'>populus</span> <span class='ocrx_word' id='word_1_146' title='bbox 596 2464 754 2540; x_wconf 85' lang='lat' dir='ltr'>intellegit</span> <span class='ocrx_word' id='word_1_147' title='bbox 777 2483 812 2524; x_wconf 89' lang='lat' dir='ltr'>ac</span> <span class='ocrx_word' id='word_1_148' title='bbox 835 2465 941 2525; x_wconf 87' lang='lat' dir='ltr'>statim</span> <span class='ocrx_word' id='word_1_149' title='bbox 959 2466 1005 2524; x_wconf 89' lang='lat' dir='ltr'>ita</span> <span class='ocrx_word' id='word_1_150' title='bbox 1024 2465 1115 2525; x_wconf 90' lang='lat' dir='ltr'>laude</span> <span class='ocrx_word' id='word_1_151' title='bbox 1134 2486 1235 2543; x_wconf 84' lang='lat' dir='ltr'>prose</span> 
     </span>
     <span class='ocr_line' id='line_1_22' title="bbox 238 2570 1234 2650; baseline 0.001 -20"><span class='ocrx_word' id='word_1_152' title='bbox 238 2573 353 2650; x_wconf 88' lang='lat' dir='ltr'>quitur,</span> <span class='ocrx_word' id='word_1_153' title='bbox 373 2578 409 2631; x_wconf 89' lang='lat' dir='ltr'>ut</span> <span class='ocrx_word' id='word_1_154' title='bbox 429 2571 568 2646; x_wconf 89' lang='lat' dir='ltr'>legitime</span> <span class='ocrx_word' id='word_1_155' title='bbox 590 2571 756 2645; x_wconf 89' lang='lat' dir='ltr'>studuisse,</span> <span class='ocrx_word' id='word_1_156' title='bbox 778 2576 814 2629; x_wconf 93' lang='lat' dir='ltr'>ut</span> <span class='ocrx_word' id='word_1_157' title='bbox 835 2590 890 2648; x_wconf 91' lang='lat' dir='ltr'>per</span> <span class='ocrx_word' id='word_1_158' title='bbox 910 2589 1016 2630; x_wconf 90' lang='lat' dir='ltr'>omnes</span> <span class='ocrx_word' id='word_1_159' title='bbox 1038 2570 1234 2648; x_wconf 86' lang='lat' dir='ltr'>eloquentiae</span> 
     </span>
     <span class='ocr_line' id='line_1_23' title="bbox 236 2676 1232 2753; baseline -0.002 -17"><span class='ocrx_word' id='word_1_160' title='bbox 236 2696 381 2737; x_wconf 87' lang='lat' dir='ltr'>numeros</span> <span class='ocrx_word' id='word_1_161' title='bbox 401 2677 472 2751; x_wconf 89' lang='lat' dir='ltr'>isse,</span> <span class='ocrx_word' id='word_1_162' title='bbox 492 2682 528 2735; x_wconf 87' lang='lat' dir='ltr'>ut</span> <span class='ocrx_word' id='word_1_163' title='bbox 547 2676 681 2752; x_wconf 90' lang='lat' dir='ltr'>denique</span> <span class='ocrx_word' id='word_1_164' title='bbox 700 2681 853 2734; x_wconf 87' lang='lat' dir='ltr'>oratorem</span> <span class='ocrx_word' id='word_1_165' title='bbox 872 2694 939 2735; x_wconf 89' lang='lat' dir='ltr'>esse</span> <span class='ocrx_word' id='word_1_166' title='bbox 962 2677 1116 2751; x_wconf 83' lang='lat' dir='ltr'>fateatur3</span> <span class='ocrx_word' id='word_1_167' title='bbox 1140 2695 1232 2753; x_wconf 91' lang='lat' dir='ltr'>quem</span> 
     </span>
     <span class='ocr_line' id='line_1_24' title="bbox 236 2780 1233 2860; baseline -0.002 -19"><span class='ocrx_word' id='word_1_168' title='bbox 236 2803 298 2842; x_wconf 91' lang='lat' dir='ltr'>non</span> <span class='ocrx_word' id='word_1_169' title='bbox 316 2801 406 2860; x_wconf 91' lang='lat' dir='ltr'>posse</span> <span class='ocrx_word' id='word_1_170' title='bbox 423 2782 515 2842; x_wconf 89' lang='lat' dir='ltr'>aliter</span> <span class='ocrx_word' id='word_1_171' title='bbox 533 2781 668 2841; x_wconf 82' lang='lat' dir='ltr'>existere</span> <span class='ocrx_word' id='word_1_172' title='bbox 686 2799 742 2839; x_wconf 89' lang='lat' dir='ltr'>nec</span> <span class='ocrx_word' id='word_1_173' title='bbox 760 2780 903 2840; x_wconf 85' lang='lat' dir='ltr'>extitisse</span> <span class='ocrx_word' id='word_1_174' title='bbox 920 2800 1068 2858; x_wconf 90' lang='lat' dir='ltr'>umquam</span> <span class='ocrx_word' id='word_1_175' title='bbox 1085 2781 1233 2840; x_wconf 90' lang='lat' dir='ltr'>confirmo</span> 
     </span>
     <span class='ocr_line' id='line_1_25' title="bbox 236 2885 1234 2964; baseline -0.001 -19"><span class='ocrx_word' id='word_1_176' title='bbox 236 2888 298 2946; x_wconf 87' lang='lat' dir='ltr'>nisi</span> <span class='ocrx_word' id='word_1_177' title='bbox 318 2906 387 2945; x_wconf 92' lang='lat' dir='ltr'>eum</span> <span class='ocrx_word' id='word_1_178' title='bbox 410 2887 697 2964; x_wconf 86' lang='lat' dir='ltr'>qui,tamqua1nin</span> <span class='ocrx_word' id='word_1_179' title='bbox 711 2886 809 2944; x_wconf 90' lang='lat' dir='ltr'>aciem</span> <span class='ocrx_word' id='word_1_180' title='bbox 824 2885 966 2945; x_wconf 90' lang='lat' dir='ltr'>omnibus</span> <span class='ocrx_word' id='word_1_181' title='bbox 989 2886 1084 2946; x_wconf 88' lang='lat' dir='ltr'>armis</span> <span class='ocrx_word' id='word_1_182' title='bbox 1104 2886 1234 2947; x_wconf 88' lang='lat' dir='ltr'>instruc-</span> 
     </span>
     <span class='ocr_line' id='line_1_26' title="bbox 194 2991 1233 3066; baseline -0.006 -10"><span class='ocrx_word' id='word_1_183' title='bbox 194 3012 222 3056; x_wconf 86' lang='lat'>25</span> <span class='ocrx_word' id='word_1_184' title='bbox 235 2998 296 3066; x_wconf 90' lang='lat' dir='ltr'>tus,</span> <span class='ocrx_word' id='word_1_185' title='bbox 313 2993 356 3051; x_wconf 90' lang='lat' dir='ltr'>sic</span> <span class='ocrx_word' id='word_1_186' title='bbox 371 2993 404 3050; x_wconf 91' lang='lat' dir='ltr'>in</span> <span class='ocrx_word' id='word_1_187' title='bbox 420 2992 522 3051; x_wconf 87' lang='lat' dir='ltr'>forum</span> <span class='ocrx_word' id='word_1_188' title='bbox 537 2992 680 3051; x_wconf 90' lang='lat' dir='ltr'>omnibus</span> <span class='ocrx_word' id='word_1_189' title='bbox 696 2991 815 3050; x_wconf 90' lang='lat' dir='ltr'>artibus</span> <span class='ocrx_word' id='word_1_190' title='bbox 830 2996 967 3050; x_wconf 89' lang='lat' dir='ltr'>armatus</span> <span class='ocrx_word' id='word_1_191' title='bbox 982 2991 1102 3050; x_wconf 88' lang='lat' dir='ltr'>exierit.</span> <span class='ocrx_word' id='word_1_192' title='bbox 1144 2992 1233 3061; x_wconf 81' lang='lat' dir='ltr'>Quod</span> 
     </span>
     <span class='ocr_line' id='line_1_27' title="bbox 236 3095 1233 3173; baseline -0.002 -17"><span class='ocrx_word' id='word_1_193' title='bbox 236 3098 313 3156; x_wconf 92' lang='lat' dir='ltr'>adeo</span> <span class='ocrx_word' id='word_1_194' title='bbox 346 3097 521 3173; x_wconf 88' lang='lat' dir='ltr'>neglegitur</span> <span class='ocrx_word' id='word_1_195' title='bbox 552 3096 591 3156; x_wconf 92' lang='lat' dir='ltr'>ab</span> <span class='ocrx_word' id='word_1_196' title='bbox 621 3095 732 3155; x_wconf 92' lang='lat' dir='ltr'>horum</span> <span class='ocrx_word' id='word_1_197' title='bbox 763 3101 938 3172; x_wconf 89' lang='lat' dir='ltr'>temporum</span> <span class='ocrx_word' id='word_1_198' title='bbox 969 3096 1104 3170; x_wconf 75' lang='lat' dir='ltr'>disertiS,</span> <span class='ocrx_word' id='word_1_199' title='bbox 1133 3102 1169 3154; x_wconf 94' lang='lat' dir='ltr'>ut</span> <span class='ocrx_word' id='word_1_200' title='bbox 1199 3096 1233 3154; x_wconf 91' lang='lat' dir='ltr'>in</span> 
     </span>
     <span class='ocr_line' id='line_1_28' title="bbox 236 3200 1234 3277; baseline -0.001 -16"><span class='ocrx_word' id='word_1_201' title='bbox 236 3202 409 3261; x_wconf 83' lang='lat' dir='ltr'>actionibus</span> <span class='ocrx_word' id='word_1_202' title='bbox 430 3221 534 3261; x_wconf 92' lang='lat' dir='ltr'>eorum</span> <span class='ocrx_word' id='word_1_203' title='bbox 554 3200 647 3260; x_wconf 91' lang='lat' dir='ltr'>huius</span> <span class='ocrx_word' id='word_1_204' title='bbox 665 3219 788 3277; x_wconf 92' lang='lat' dir='ltr'>quoque</span> <span class='ocrx_word' id='word_1_205' title='bbox 803 3200 954 3259; x_wconf 88' lang='lat' dir='ltr'>cotidiani</span> <span class='ocrx_word' id='word_1_206' title='bbox 968 3200 1118 3260; x_wconf 90' lang='lat' dir='ltr'>sermonis</span> <span class='ocrx_word' id='word_1_207' title='bbox 1140 3201 1234 3260; x_wconf 88' lang='lat' dir='ltr'>foeda</span> 
     </span>
     <span class='ocr_line' id='line_1_29' title="bbox 236 3305 1233 3383; baseline -0.002 -18"><span class='ocrx_word' id='word_1_208' title='bbox 236 3325 270 3365; x_wconf 88' lang='lat' dir='ltr'>ac</span> <span class='ocrx_word' id='word_1_209' title='bbox 288 3307 435 3383; x_wconf 85' lang='lat' dir='ltr'>pudenda</span> <span class='ocrx_word' id='word_1_210' title='bbox 453 3306 531 3365; x_wconf 85' lang='lat' dir='ltr'>vitia</span> <span class='ocrx_word' id='word_1_211' title='bbox 549 3305 831 3382; x_wconf 87' lang='lat' dir='ltr'>deprehendantur,</span> <span class='ocrx_word' id='word_1_212' title='bbox 845 3310 882 3363; x_wconf 91' lang='lat' dir='ltr'>ut</span> <span class='ocrx_word' id='word_1_213' title='bbox 902 3305 1045 3379; x_wconf 86' lang='lat' dir='ltr'>ignorent</span> <span class='ocrx_word' id='word_1_214' title='bbox 1062 3305 1155 3380; x_wconf 90' lang='lat' dir='ltr'>leges,</span> <span class='ocrx_word' id='word_1_215' title='bbox 1170 3324 1233 3364; x_wconf 91' lang='lat' dir='ltr'>non</span> 
     </span>
     <span class='ocr_line' id='line_1_30' title="bbox 235 3408 1232 3485; baseline 0 -16"><span class='ocrx_word' id='word_1_216' title='bbox 235 3416 363 3470; x_wconf 90' lang='lat' dir='ltr'>teneant</span> <span class='ocrx_word' id='word_1_217' title='bbox 374 3417 500 3471; x_wconf 90' lang='lat' dir='ltr'>senatus</span> <span class='ocrx_word' id='word_1_218' title='bbox 512 3410 662 3484; x_wconf 88' lang='lat' dir='ltr'>consulta,</span> <span class='ocrx_word' id='word_1_219' title='bbox 672 3409 720 3468; x_wconf 89' lang='lat' dir='ltr'>ius</span> <span class='ocrx_word' id='word_1_220' title='bbox 731 3428 804 3469; x_wconf 88' lang='lat' dir='ltr'>suae</span> <span class='ocrx_word' id='word_1_221' title='bbox 816 3408 954 3469; x_wconf 85' lang='lat' dir='ltr'>civitatis</span> <span class='ocrx_word' id='word_1_222' title='bbox 966 3409 1049 3468; x_wconf 91' lang='lat' dir='ltr'>ultro</span> <span class='ocrx_word' id='word_1_223' title='bbox 1061 3410 1232 3485; x_wconf 90' lang='lat' dir='ltr'>derideant,</span> 
     </span>
     <span class='ocr_line' id='line_1_31' title="bbox 192 3514 1232 3592; baseline 0 -14"><span class='ocrx_word' id='word_1_224' title='bbox 192 3533 222 3578; x_wconf 86' lang='lat'>30</span> <span class='ocrx_word' id='word_1_225' title='bbox 236 3516 408 3592; x_wconf 88' lang='lat' dir='ltr'>sapientiae</span> <span class='ocrx_word' id='word_1_226' title='bbox 422 3535 496 3575; x_wconf 86' lang='lat' dir='ltr'>vero</span> <span class='ocrx_word' id='word_1_227' title='bbox 511 3516 648 3574; x_wconf 89' lang='lat' dir='ltr'>studium</span> <span class='ocrx_word' id='word_1_228' title='bbox 664 3521 695 3574; x_wconf 94' lang='lat' dir='ltr'>et</span> <span class='ocrx_word' id='word_1_229' title='bbox 710 3515 877 3592; x_wconf 89' lang='lat' dir='ltr'>praecepta</span> <span class='ocrx_word' id='word_1_230' title='bbox 891 3514 1092 3590; x_wconf 91' lang='lat' dir='ltr'>prudentium</span> <span class='ocrx_word' id='word_1_231' title='bbox 1107 3514 1232 3591; x_wconf 86' lang='lat' dir='ltr'>penitus</span> 
     </span>
     <span class='ocr_line' id='line_1_32' title="bbox 234 3620 1233 3697; baseline -0.001 -19"><span class='ocrx_word' id='word_1_232' title='bbox 234 3620 448 3678; x_wconf 86' lang='lat' dir='ltr'>reformident.</span> <span class='ocrx_word' id='word_1_233' title='bbox 500 3620 540 3678; x_wconf 91' lang='lat' dir='ltr'>In</span> <span class='ocrx_word' id='word_1_234' title='bbox 554 3620 757 3697; x_wconf 90' lang='lat' dir='ltr'>paucissimos</span> <span class='ocrx_word' id='word_1_235' title='bbox 773 3637 882 3678; x_wconf 90' lang='lat' dir='ltr'>sensus</span> <span class='ocrx_word' id='word_1_236' title='bbox 897 3624 929 3677; x_wconf 90' lang='lat' dir='ltr'>et</span> <span class='ocrx_word' id='word_1_237' title='bbox 943 3623 1092 3693; x_wconf 89' lang='lat' dir='ltr'>angustas</span> <span class='ocrx_word' id='word_1_238' title='bbox 1112 3624 1233 3679; x_wconf 86' lang='lat' dir='ltr'>senten-</span> 
     </span>
     <span class='ocr_line' id='line_1_33' title="bbox 234 3721 1231 3801; baseline -0.002 -17"><span class='ocrx_word' id='word_1_239' title='bbox 234 3724 295 3784; x_wconf 88' lang='lat' dir='ltr'>tias</span> <span class='ocrx_word' id='word_1_240' title='bbox 316 3724 489 3784; x_wconf 86' lang='lat' dir='ltr'>detrudunt</span> <span class='ocrx_word' id='word_1_241' title='bbox 512 3723 723 3801; x_wconf 80' lang='lat' dir='ltr'>eloquentiam</span> <span class='ocrx_word' id='word_1_242' title='bbox 748 3722 835 3783; x_wconf 90' lang='lat' dir='ltr'>velut</span> <span class='ocrx_word' id='word_1_243' title='bbox 859 3721 1023 3800; x_wconf 82' lang='lat' dir='ltr'>expulsam</span> <span class='ocrx_word' id='word_1_244' title='bbox 1046 3740 1141 3798; x_wconf 89' lang='lat' dir='ltr'>regno</span> <span class='ocrx_word' id='word_1_245' title='bbox 1166 3741 1231 3800; x_wconf 86' lang='lat' dir='ltr'>suo,</span> 
     </span>
    </p>
   </div>
   <div class='ocr_carea' id='block_1_3' title="bbox 0 0 1396 4170">
    <p class='ocr_par' dir='ltr' id='par_1_3' title="bbox 0 0 1396 4170">
     <span class='ocr_line' id='line_1_34' title="bbox 0 0 1396 4170; baseline 0 2"><span class='ocrx_word' id='word_1_246' title='bbox 0 0 1396 4170; x_wconf 95' lang='lat' dir='ltr'> </span> 
     </span>
    </p>
   </div>
  </div>
 </body>
</html>
