2782 4170
385 326 570 377 ursaceus
593 327 643 375 nn
667 325 906 377 3333333333.
1106 319 1144 380 31
1197 341 1202 354 ·

147 506 183 559 ut
202 519 280 578 quae
301 500 376 559 olim
396 500 533 558 omnium
552 499 666 559 artium
684 499 809 558 domina
826 499 1036 577 pulcherrimo
1056 501 1147 560 comi-

147 612 216 665 tatu
235 612 360 683 pectora
373 605 533 682 implebat,
549 624 631 664 nunc
649 605 832 665 circumcisa
846 611 877 664 et
892 611 1061 683 amputata,
1079 607 1145 666 sine

147 713 308 789 adparata,
332 711 398 770 sine
423 710 547 785 honore,
570 730 668 787 paene
691 711 825 770 dixerim
848 711 916 770 sine
940 711 1144 786 ingenuitate,

147 817 237 894 quasi
256 836 319 875 una
332 834 372 874 ex
387 815 609 875 sordidissimis
630 815 771 874 artificiis
792 816 936 876 discatur.
980 817 1047 891 Ego
1064 816 1145 876 hanc

147 923 279 1000 primam
295 927 326 980 et
341 921 539 999 praecipuam
559 939 684 980 causam
698 921 839 995 arbitror,
852 940 906 979 cur
920 922 954 979 in
968 927 1091 980 tantum
1107 923 1145 981 ab
1158 935 1173 979 5

147 1027 325 1104 eloquentia
343 1027 542 1103 antiquorum
558 1032 714 1085 oratorum
729 1027 955 1086 recesserimus.
999 1027 1032 1086 Si
1047 1032 1144 1088 testes

146 1133 373 1205 desiderantur,
386 1151 464 1208 quos
479 1132 614 1208 potiores
629 1132 795 1191 nominabo
807 1151 899 1209 quam
912 1132 995 1209 apud
1010 1133 1144 1192 Graecos

147 1237 398 1311 Demosthenem,
414 1255 505 1313 quem
521 1237 786 1296 studiosissimum
806 1237 948 1296 Platonis
970 1237 1144 1296 auditorem

146 1344 245 1402 fuisse
259 1343 424 1402 memoriae
440 1343 598 1419 proditum
616 1344 689 1402 est?
722 1348 754 1401 et
773 1342 880 1403 Cicero
900 1342 959 1416 his,
975 1348 1011 1402 ut
1025 1343 1143 1420 opinor,

148 1448 250 1508 verbis
271 1448 377 1521 refert,
393 1447 548 1524 quidquid
566 1448 599 1506 in
618 1447 798 1525 eloquentia
816 1447 964 1521 effecerit,
979 1447 1013 1506 id
1030 1466 1063 1507 se
1082 1458 1187 1506 ncn10

147 1574 185 1613 ex
210 1554 369 1613 rhetorum
391 1552 521 1613 officinis
547 1554 602 1612 sed
627 1572 665 1611 ex
689 1553 877 1612 Academiae
903 1552 1015 1629 spatiis
1043 1571 1146 1612 conse-

146 1666 260 1719 cutum.
304 1661 383 1719 Sunt
403 1659 482 1718 aliae
502 1677 622 1733 causae,
637 1677 767 1733 magnae
782 1664 814 1717 33
828 1676 947 1733 graves,
963 1677 1040 1735 quas
1056 1658 1143 1717 vobis

146 1765 261 1842 aperiri
289 1783 421 1841 aequum
451 1770 507 1838 est,
536 1764 683 1840 quoniam
711 1764 837 1840 quidem
866 1781 922 1838 ego
950 1762 1011 1822 iam
1041 1782 1144 1822 meum

146 1889 257 1929 munus
281 1869 406 1946 explevi
428 1875 469 1944 et,
490 1869 574 1946 quod
594 1869 672 1926 mihi
691 1868 725 1927 in
744 1868 967 1927 consuetudine
988 1874 1045 1941 cst,
1067 1867 1144 1928 satis

146 1975 261 2034 multos
287 1975 419 2049 offendi3
451 1993 537 2051 quos,
567 1974 594 2034 si
621 1974 703 2032 forte
730 1973 806 2032 haec
834 1972 1000 2046 audierint,
1026 1978 1144 2031 certum
1158 1982 1186 2028 15

146 2081 245 2139 habeo
266 2080 403 2139 dicturos
423 2097 480 2154 me,
496 2080 570 2137 dum
590 2078 668 2138 iuris
690 2084 721 2137 et
741 2078 959 2155 philosophiae
982 2077 1144 2138 scientiam

146 2191 306 2262 tamquam
328 2184 443 2243 oratori
463 2183 669 2244 necessariam
691 2183 793 2258 lauda,
814 2183 942 2260 ineptiis
961 2183 1038 2244 meis
1060 2183 1146 2260 plau·

147 2291 244 2350 sisse.7

339 2384 479 2434 Maternus
497 2389 613 2445 requests
631 2384 760 2434 Messalla
777 2390 803 2433 33
821 2385 953 2433 33311333.

187 2499 234 2560 33.
264 2502 306 2559 Et
328 2502 490 2560 Maternus
506 2499 605 2557 ‘Mihi
624 2499 766 2576 quidem'
781 2498 886 2575 inquit
906 2503 1105 2574 ‘susceptum
1126 2516 1145 2557 3

129 2612 177 2664 'te
198 2625 310 2665 munus
333 2607 409 2664 adeo
430 2605 586 2682 peregisse
611 2605 748 2663 nondum
772 2603 890 2663 videris
919 2609 955 2662 ut
982 2603 1144 2662 incohasse
1157 2625 1187 2670 20

146 2716 269 2770 tantum
286 2716 317 2769 et
340 2710 426 2769 velut
446 2709 581 2785 vestigia
603 2727 638 2768 ac
660 2708 846 2768 liniamenta
869 2708 1022 2785 quaedam
1045 2712 1145 2766 osten·

146 2816 229 2876 disse
243 2815 388 2876 videaris.
430 2816 513 2874 Nam
536 2815 648 2892 quibus
670 2814 788 2874 artibus
807 2813 922 2872 instrui
940 2818 1061 2872 veteres
1081 2831 1145 2872 ora

146 2927 228 2980 tores
249 2920 335 2981 soliti
356 2920 428 2994 sint,
444 2920 554 2979 dixisti
574 2919 844 2996 differentiamque
863 2924 988 2978 nostrae
1006 2917 1144 2978 desidiae

146 3032 177 3084 et
198 3025 382 3085 inscientiae
404 3025 552 3084 adversus
572 3025 722 3084 acerrima
742 3029 774 3082 et
795 3024 1018 3083 fecundissima
1039 3042 1154 3082 eorum

146 3131 251 3189 studia
265 3129 501 3189 demonstrasti:
524 3134 627 3188 cetera
640 3134 779 3205 expecta,
794 3134 839 3202 ut,
855 3147 947 3205 quem
964 3128 1004 3186 ad
1018 3128 1144 3186 modum
1157 3148 1186 3194 25

146 3255 184 3294 ex
202 3241 234 3294 te
253 3235 360 3309 didici,
376 3234 453 3312 quid
472 3239 526 3292 aut
546 3233 594 3291 illi
612 3233 741 3292 scierint
759 3239 813 3292 333
830 3252 886 3292 nos
901 3233 1083 3307 nesciamus,
1099 3233 1145 3292 ita

145 3341 203 3400 hoc
222 3359 345 3418 quoque
369 3357 559 3414 cognoscam,
582 3338 695 3415 quibus
717 3338 993 3398 exercitationibus
1015 3337 1144 3398 iuvenes

145 3445 208 3503 iam
229 3451 261 3504 et
281 3446 385 3504 forum
405 3444 575 3518 ingressuri
592 3443 774 3502 confirmare
794 3449 825 3502 et
845 3443 927 3501 alere
945 3442 1072 3518 ingenia
1089 3462 1145 3503 sua

146 3549 232 3608 soliti
248 3550 318 3608 sint.
361 3550 473 3625 Neque
488 3548 571 3606 enim
587 3548 687 3608 solum
702 3553 768 3607 arte
783 3553 815 3607 et
829 3547 968 3622 scientia,
985 3548 1040 3606 sed
1053 3530 1144 3624 longe

145 3654 245 3728 magis
273 3654 425 3713 facultate
454 3659 485 3712 et
512 3673 572 3712 usu
599 3652 811 3730 eloquentiam
832 3652 994 3726 contineri,
1017 3670 1074 3712 nec
1098 3657 1142 3727 tu,
1157 3671 1186 3717 30

146 3763 230 3836 puta,
253 3757 368 3818 abnues
389 3756 477 3817 ethi
498 3756 672 3834 significare
696 3757 786 3816 vultu
808 3755 973 3815 videntur.'
