2790 4178
412 309 596 361 ursaceus
622 312 669 359 nu
694 312 933 364 ounrourssus.
1133 303 1172 370 27

174 482 246 541 dam
266 500 302 540 ac
315 483 504 542 verecundia
523 485 727 560 temperabat.
765 485 815 544 Sic
837 485 1012 545 Corneliam
1024 487 1174 546 Graccho

173 607 251 660 rum,
264 587 309 646 sie
323 587 486 666 Aureliam
501 588 653 664 Caesaris,
670 590 714 649 sic
735 590 844 649 Atiam
859 591 996 666 Augusti
1012 590 1171 674 [matrem]

173 691 348 768 praefuisse
363 693 598 752 educationibus
616 713 651 753 ac
673 696 857 772 produxisse
878 696 1037 773 principes
1059 697 1172 756 liberos

173 796 357 873 accepimus.
401 798 486 866 Quae
511 799 680 875 disciplina
700 819 734 858 ao
757 801 907 860 severitas
929 819 964 859 eo
985 802 1171 878 pertinebat,

172 906 208 959 ut
228 901 349 970 sincera
366 907 398 960 et
419 902 542 977 integra
562 909 593 962 et
617 903 682 984 [iu]
705 905 801 964 nullis
821 905 1029 989 pravitatibus
1050 907 1200 966 detortas

174 1008 266 1068 unius
280 1009 430 1086 cuiusque
444 1014 558 1068 natura
572 1014 638 1068 toto
653 1010 761 1069 statim
777 1016 900 1087 pectore
915 1012 1074 1088 adriperet
1088 1017 1171 1072 artes

173 1113 320 1172 honestas
336 1119 375 1188 et,
398 1113 464 1172 sive
486 1113 526 1172 ad
547 1113 715 1172 militarem
739 1133 802 1173 rem
827 1114 892 1174 sive
915 1116 954 1174 ad
977 1115 1054 1175 iuris
1078 1116 1173 1175 scien-

173 1220 250 1280 tiam
273 1221 338 1279 sive
360 1220 400 1279 ad
422 1218 618 1295 eloquentiae
641 1217 780 1276 studium
802 1217 994 1291 inclinasset,
1017 1216 1050 1274 id
1071 1215 1172 1275 solum

174 1330 287 1400 ageret,
310 1325 343 1383 id
364 1324 545 1382 universum
567 1323 714 1382 haussret.

214 1428 262 1490 29.
293 1429 355 1488 ‘At
375 1447 456 1486 nunc
478 1433 571 1487 natus
594 1427 699 1487 infans
715 1426 876 1502 delegatur
892 1426 1062 1486 Graeculae
1078 1425 1172 1485 alicui
1188 1431 1216 1475 10

174 1534 315 1609 ancillae,
332 1533 383 1592 cui
405 1533 588 1608 adiungitur
608 1552 688 1591 unus
711 1537 765 1591 aut
788 1532 867 1590 alter
889 1550 926 1589 ex
948 1530 1091 1589 omnibus
1113 1548 1174 1589 ser-

174 1641 232 1715 vis,
254 1639 436 1716 plerumque
457 1638 630 1698 vilissimus
650 1656 706 1696 nec
726 1637 871 1714 cuiquam
894 1636 973 1694 serio
997 1635 1173 1695 ministerio

175 1731 436 1804 adcommodatus.
483 1744 604 1801 Horum
619 1742 737 1801 fabulis
755 1747 786 1800 et
803 1741 957 1800 erroribus
975 1739 1037 1821 [et]
1054 1739 1172 1798 virides

174 1849 281 1910 statim
298 1855 330 1906 et
343 1849 443 1907 teneri
461 1846 586 1928 [rudes]
603 1847 699 1905 animi
725 1846 917 1919 imbuuntur,
933 1863 989 1903 nec
1007 1845 1173 1921 quisquam

175 1955 207 2012 in
222 1959 290 2012 tota
303 1955 395 2012 domo
410 1951 499 2029 pensi
514 1952 616 2025 habet,
633 1951 709 2028 quid
724 1970 824 2009 coram
842 1950 963 2008 infante
979 1949 1103 2007 domino
1118 1954 1214 2008 aut15

175 2060 259 2118 dieat
273 2064 327 2118 aut
348 2057 451 2116 faeiat.
494 2056 576 2127 Quin
597 2056 691 2115 etiam
710 2056 771 2133 ipsi
786 2060 931 2132 parentes
946 2073 1009 2112 non
1023 2053 1173 2130 probitati

175 2182 275 2240 neque
291 2162 461 2221 modestiae
483 2161 630 2238 parvulos
653 2161 881 2233 adsuefaciunt,
898 2160 952 2219 sed
972 2159 1120 2219 lasciviae
1142 2164 1173 2217 et

176 2268 344 2342 dicacitati,
360 2286 415 2344 per
437 2286 515 2344 quae
533 2266 685 2344 paulatim
707 2265 904 2342 impudentia
925 2265 1042 2341 inrepit
1062 2264 1109 2343 [et
1124 2264 1172 2324 sui
1200 2309 1208 2320 .

176 2372 332 2449 alienique
353 2374 576 2453 contemptus}
620 2373 688 2431 lam
710 2389 782 2429 vero
804 2371 930 2447 propria
951 2375 982 2428 et
1004 2368 1174 2446 peculiaria

175 2478 268 2536 huius
295 2476 381 2536 urbis
406 2477 485 2535 vitia
512 2495 610 2553 paene
633 2476 667 2533 in
690 2481 780 2534 utero
808 2475 917 2534 matris
944 2474 1065 2550 concipi
1093 2473 1173 2531 mihi
1187 2481 1232 2528 20·

175 2583 331 2656 videntur,
353 2580 548 2640 histrionalis
570 2582 661 2639 favor
682 2586 713 2640 et
735 2580 941 2655 gladiatorum
963 2597 1172 2655 equorumque

177 2687 289 2762 studia,
305 2686 417 2763 quibus
439 2691 606 2763 occupatus
628 2690 659 2743 et
680 2685 823 2744 obsessus
843 2684 965 2743 animus
988 2662 1173 2759 quantulum

176 2791 236 2850 loci
254 2791 344 2850 bonis
361 2790 479 2849 artibus
499 2789 674 2865 relinquit?
698 2794 827 2864 quotum
851 2799 1005 2864 quemque
1032 2788 1174 2847 invenies

177 2896 231 2972 qui
256 2895 340 2954 domi
365 2895 535 2972 quidquam
561 2894 648 2953 aliud
672 2894 843 2969 loquatur?
869 2911 946 2969 quos
968 2892 1045 2952 alios
1070 2892 1174 2951 adule-

178 3000 387 3059 scentulorum
416 3018 571 3059 sermones
600 2998 782 3074 excipimus,
812 2998 839 3056 si
867 2997 991 3073 quando
1019 2990 1215 3055 auditorium

177 3108 384 3167 intravimus?
401 3124 457 3164 nec
467 3108 683 3183 praeceptores
695 3102 820 3178 quidem
832 3101 912 3161 ullas
925 3102 1093 3160 crebriores
1104 3120 1174 3160 oum

178 3205 371 3265 auditoribus
387 3206 452 3265 suis
466 3205 589 3265 fabulas
609 3207 742 3280 habent3
765 3206 918 3281 colligunt
936 3206 1019 3264 enim
1041 3205 1175 3282 discipu·

177 3309 223 3369 los
245 3329 307 3368 non
330 3310 495 3370 severitate
521 3311 706 3387 disciplinae
731 3329 786 3369 nec
811 3311 930 3385 ingenii
952 3310 1173 3386 experimenta

134 3479 139 3487 ⁴
178 3415 232 3472 sed
246 3413 415 3472 ambitione
431 3414 655 3474 salutationum
670 3420 702 3472 et
716 3414 881 3473 inlecebris
896 3413 1104 3474 adulationis!
