2790 4178
408 306 594 356 oinnocus
618 307 667 355 uu
690 304 930 357 onnuonmus.
1127 293 1169 358 37

168 480 250 540 bidis
265 486 298 539 et
313 479 462 556 inquietis
473 478 665 556 temporibus
677 478 794 537 existit.
836 478 913 548 Quis
924 477 1048 554 ignorat
1058 476 1169 538 utilius

169 605 204 645 ac
233 585 345 645 melius
373 603 440 644 esse
469 584 533 642 frui
558 601 633 661 pace
661 602 755 660 quam
782 583 866 642 bello
890 583 1023 642 vexari?
1062 583 1169 660 plures

168 696 274 750 tamen
288 691 384 750 bonos
399 689 601 766 proeliatores
616 687 700 747 bella
713 706 807 765 quam
822 706 884 765 pax
898 688 1013 747 ferunt.
1049 687 1168 746 Similis

169 795 364 872 eloquentiae
378 794 526 853 condicio.
563 794 646 853 Nam
658 812 720 870 quo
731 792 855 870 saepius
871 792 994 852 steterit
1008 797 1169 870 tamquam

169 900 202 958 in
217 900 291 974 acie,
307 919 430 977 quoque
445 899 550 976 plures
566 904 596 957 et
610 897 755 957 intulerit
772 897 853 958 ictus
869 903 900 957 et
915 897 1080 974 exceperit,
1096 916 1196 974 quc-o

170 1024 229 1082 que
253 1005 385 1064 maiores
413 1003 607 1064 adversarios
637 1003 833 1080 acrioresque
861 1020 981 1079 pugnas
1011 1001 1071 1062 sibi
1099 1001 1169 1079 ipsa

170 1110 387 1187 desumpserit,
406 1115 495 1169 tanto
518 1109 610 1169 altior
635 1113 667 1167 et
689 1107 841 1167 excelsior
862 1113 894 1166 et
915 1107 980 1167 illis
1001 1107 1170 1167 nobilitata

170 1215 402 1275 discriminibus
416 1215 451 1273 in
465 1232 516 1273 ore
530 1213 692 1272 hominum
709 1214 783 1288 agit,
799 1231 929 1290 quorum
944 1231 981 1271 ea
995 1217 1107 1272 natura
1121 1218 1169 1272 est

169 1326 206 1379 111
220 1339 328 1379 secura
343 1319 451 1393 velint,
466 1318 641 1396 periculosa
654 1318 825 1376 mirentur!

193 1520 344 1580 Eloquencc
362 1532 392 1567 os
410 1517 519 1578 affected
537 1517 568 1578 by
585 1517 628 1567 110
646 1516 797 1566 Procedure
814 1518 844 1565 iu
862 1516 903 1565 the
922 1516 986 1566 Laio
1008 1515 1104 1566 Gourts
1121 1517 1154 1578 os

573 1608 616 1657 ibe
635 1607 772 1668 Repudia.

210 1739 258 1800 38.
289 1741 441 1800 ‘Transeo
465 1740 505 1798 ad
528 1740 662 1798 formam
690 1744 722 1796 et
750 1738 1005 1797 consuetudinem
1029 1743 1169 1797 veterum
1183 1749 1212 1794 10

170 1845 363 1904 iudiciorum.
406 1845 491 1915 Quae
511 1843 571 1904 etsi
592 1862 674 1902 nunc
698 1843 800 1920 aptior
821 1842 937 1916 existit,
959 1842 1168 1919 eloquentiam

170 1957 276 2010 tamen
297 1950 376 2008 illud
398 1949 502 2008 forum
524 1949 623 2025 magis
645 1947 816 2022 exercebat,
837 1947 870 2005 in
892 1966 953 2024 quo
974 1965 1065 2006 nemo
1085 1947 1169 2006 intra

170 2055 375 2133 paucissimas
402 2055 494 2114 horas
522 2072 665 2131 perorare
695 2053 862 2127 cogebatur
889 2058 921 2111 et
948 2052 1064 2112 liberae
1091 2070 1170 2111 oom-

170 2160 443 2239 perendinationes
461 2166 550 2219 erant
568 2165 600 2219 et
616 2159 743 2217 modum
763 2158 796 2216 in
815 2159 947 2217 dicendo
962 2157 1022 2218 sibi
1037 2158 1169 2236 quisque

171 2267 312 2325 sumebat
337 2272 369 2325 et
392 2284 540 2325 numerus
565 2283 664 2342 neque
690 2264 810 2322 dierum
839 2282 939 2339 neque
967 2268 1168 2340 patronorum
1183 2278 1211 2322 15

170 2371 344 2430 finiebatur.
389 2371 512 2430 Primus
534 2370 609 2429 hacc
630 2369 724 2428 tertio
745 2369 909 2428 consulatu
929 2369 983 2429 Cn.
999 2369 1168 2445 Pompeius

170 2475 341 2536 adstrinxit
375 2475 584 2552 imposuitque
611 2474 711 2533 veluti
747 2474 854 2532 frenos
889 2473 1095 2550 eloquentiae,
1123 2473 1170 2533 ita

170 2588 276 2641 tamen
290 2587 325 2640 ut
340 2581 444 2640 omnia
458 2581 492 2638 in
506 2580 583 2653 foro,
599 2579 704 2638 omnia
720 2578 850 2653 legibus,
866 2578 970 2637 omnia
987 2579 1071 2656 apud
1084 2597 1169 2656 prae-

170 2692 252 2746 tores
269 2691 462 2761 gererentur3
485 2685 570 2761 apud
581 2703 661 2846 quos
682 2688 800 2759 quanto
818 2683 937 2742 maiora
953 2682 1079 2757 negotia
1093 2682 1168 2742 olim

170 2791 306 2850 exerceri
328 2791 421 2850 solita
442 2789 514 2863 sint,
532 2750 588 2866 qb·

170 2897 253 2973 quod
274 2914 384 2955 causae
407 2892 655 2966 centumvirales,
672 2911 751 2969 quae
770 2910 852 2950 nunc
872 2891 1007 2968 primurn
1024 2892 1168 2953 obtinent

170 3001 280 3075 locum,
302 3001 378 3059 adeo
400 2999 563 3076 splendore
585 2997 717 3056 aliorum
742 2996 927 3054 iudiciorum
949 2997 1166 3073 obruebantur,

168 3112 205 3165 ut
229 3123 329 3182 neque
351 3103 507 3164 Ciceronis
532 3121 632 3178 neque
658 3101 798 3161 Caesaris
823 3120 924 3177 neque
950 3102 1042 3160 Bruti
1066 3121 1167 3180 neque

170 3210 268 3270 Caelii
292 3227 393 3285 neque
419 3208 517 3282 Calvi,
539 3227 601 3266 non
626 3206 760 3282 denique
783 3205 880 3265 ullius
905 3206 1011 3282 magni
1035 3207 1166 3267 oratoris

169 3315 248 3374 liber
263 3314 346 3391 apud
360 3313 568 3372 centumviros
590 3312 692 3372 dictus
715 3311 844 3386 legatur,
863 3312 1002 3388 exceptis
1024 3311 1166 3371 orationi·
1179 3325 1208 3371 25

168 3420 225 3479 bus
241 3419 355 3493 Asinii,
371 3437 449 3495 quae
464 3438 519 3494 pro
535 3417 700 3476 heredibus
717 3416 869 3476 Urbiniae
890 3416 1111 3490 inscribuntur,
1127 3418 1166 3477 ab

168 3525 237 3601 ipso
248 3531 351 3583 tamen
364 3523 505 3583 Pollione
517 3522 628 3581 mediis
644 3521 709 3580 divi
724 3521 861 3595 Augusti
875 3521 1067 3598 temporibus
1081 3522 1167 3582 habi·

168 3635 227 3703 tae,
239 3635 404 3707 postquam
416 3628 509 3703 longa
519 3635 695 3704 temporum
711 3625 798 3702 quies
814 3631 845 3684 11
860 3626 1042 3685 continuum
1057 3628 1165 3705 populi

168 3734 267 3795 otium
288 3739 320 3794 et
340 3733 473 3794 adsidua
494 3737 619 3793 senatus
640 3730 854 3808 tranquillitas
874 3735 906 3790 et
928 3731 1063 3791 maxime
1084 3733 1167 3810 prin·

600 2789 621 2846 d
642 2789 742 2863 maius
763 2793 981 2867 {argumentum
1005 2793 1053 2846 111
1073 2807 1166 2865 quam
1180 2801 1211 2846 20
