2790 4178
392 326 575 378 nianocns
598 327 648 375 na
672 326 912 378 canroarsus.
1113 317 1155 381 13

155 499 308 560 maturius
318 499 559 576 intervenisses;
582 501 769 561 delectasset
783 500 867 559 enim
877 506 909 559 te
921 505 953 559 et
963 499 1044 578 Apri
1054 501 1156 561 nostri

155 606 408 667 accuratissimus
423 624 531 682 serm0,
546 625 617 666 cum
632 607 820 680 Maternum,
835 610 871 664 ut
890 625 981 664 omne
995 606 1155 681 ingenium

154 730 190 772 ac
209 711 350 772 studium
370 731 460 771 suum
479 711 520 770 ad
538 729 648 772 causas
669 711 805 786 agendas
826 716 1030 786 converteret,
1049 711 1157 770 exhor-

154 822 241 878 tatus
265 822 322 892 est,
344 822 376 876 et
401 815 538 876 Materni
559 834 616 893 pro
637 816 828 899 carminibus
854 815 919 876 suis
944 816 1036 891 laeta,
1058 822 1155 893 utque

155 928 263 1001 poetas
277 921 406 982 defendi
421 922 559 998 decebat,
574 921 733 982 ardentior
752 928 784 982 et
802 927 963 1000 poetarum
983 941 1078 1000 quam
1092 935 1183 982 oras

155 1033 259 1088 torum
273 1027 406 1087 similior
420 1027 549 1103 oratic.'¹

197 1134 265 1192 ‘Me
285 1133 375 1192 vero'
397 1132 501 1210 inquit
528 1131 593 1214 [et]
617 1137 736 1193 ‘sermo
764 1132 819 1191 ille
846 1132 971 1192 infinita
994 1133 1156 1210 voluptate

156 1237 335 1313 adfecisset,
351 1243 444 1315 atque
458 1237 491 1296 id
505 1237 609 1314 ipsum
629 1238 772 1312 delectat,
789 1238 872 1313 quod
885 1257 950 1312 vos,
966 1237 1027 1296 viri
1044 1238 1157 1315 optimi

157 1348 189 1402 et
202 1349 379 1420 temporum
397 1348 575 1402 nostrorum
594 1348 740 1417 oratores,
756 1360 819 1401 non
838 1342 1016 1403 forensibus
1033 1348 1156 1403 tantum

156 1447 290 1524 negotiis
310 1453 342 1506 et
361 1447 583 1506 declamatorio
604 1447 709 1506 studio
730 1446 856 1522 ingenia
870 1452 977 1507 vestra
994 1448 1155 1524 exercetis,
1170 1461 1199 1506 10

158 1553 213 1612 sed
237 1552 304 1612 eius
329 1552 414 1611 modi
442 1552 537 1612 etiam
565 1551 795 1629 disputationes
823 1552 999 1626 adsumitis,
1021 1571 1101 1631 quae
1125 1558 1167 1612 et·

157 1657 318 1733 ingenium
340 1657 429 1717 alunt
450 1662 482 1716 et
503 1657 689 1717 eruditionis
714 1675 749 1716 ac
774 1657 952 1717 litterarum
972 1657 1158 1718 iucundissi-

158 1782 242 1821 mum
267 1762 529 1822 oblectamentum
548 1781 619 1821 cum
640 1761 737 1838 vobis,
760 1762 815 1839 qui
833 1761 891 1821 illa
909 1762 1088 1839 disputatis,
1108 1763 1158 1822 ad-

158 1868 275 1941 ferunt,
303 1872 371 1926 tum
402 1867 497 1926 etiam
527 1866 572 1927 eis
601 1867 641 1926 ad
668 1886 800 1944 quorum
831 1885 921 1927 aures
949 1868 1156 1944 pervenerint.

159 1973 273 2050 Itaque
294 1971 420 2031 hercule
438 1990 502 2030 non
522 1971 627 2031 minus
646 1971 771 2049 probari
785 1971 877 2031 video
895 1971 928 2030 in
947 1976 989 2046 te,
1008 1972 1157 2048 Secunde,
1173 1984 1201 2029 15

160 2078 243 2155 quod
261 2077 338 2135 Iulii
358 2076 503 2136 Africani
521 2076 619 2136 vitam
641 2077 852 2153 componendo
874 2096 961 2153 spem
980 2077 1158 2138 hominibus

160 2181 266 2242 fecisti
281 2181 418 2259 plurium
437 2181 503 2242 eius
524 2181 609 2241 modi
630 2181 789 2256 librorum,
806 2201 899 2258 quam
914 2182 948 2241 in
964 2183 1060 2260 Apro,
1076 2183 1159 2261 quod

160 2288 298 2347 nondum
322 2287 361 2347 ab
386 2286 581 2347 scholasticis
606 2286 827 2347 controversiis
852 2288 981 2348 recessit
1005 2293 1036 2347 et
1060 2288 1159 2347 otium

161 2411 251 2451 suum
265 2391 386 2451 mavult
400 2410 550 2451 novorum
562 2391 721 2452 rhetorum
736 2410 820 2452 more
835 2411 929 2470 quam
940 2398 1081 2452 veterum
1096 2411 1160 2453 ora

77 2562 102 2599 m,
126 2502 263 2585 *torum
277 2497 476 2557 consumere?
601 2537 603 2541 ι
1172 2507 1204 2556 ao

96 2616 98 2621 '
172 2621 173 2625 ¹
202 2602 248 2663 15.
278 2603 357 2661 Tum
372 2602 473 2678 Aper:
497 2603 586 2661 ‘Non
600 2602 728 2676 desinis,
744 2603 901 2675 Messalla,
917 2607 1160 2663 veteratantum

161 2712 193 2766 et
209 2707 339 2785 antiqua
358 2705 473 2782 mirari,
489 2712 665 2767 nostrorum
685 2713 791 2766 autem
808 2713 982 2784 temporum
998 2709 1103 2768 studia
1116 2709 1161 2767 in-

161 2812 262 2871 ridere
287 2817 380 2890 atque
405 2817 609 2871 contemnere.
655 2813 739 2871 Nam
764 2812 847 2871 111110
873 2818 963 2871 tuum
989 2831 1161 2873 sermonem

163 2935 254 2994 saepe
274 2915 390 2994 excepi,
405 2935 476 2975 cum
494 2916 611 2977 oblitus
630 2921 661 2976 et
680 2923 752 2976 tuae
771 2922 803 2976 et
820 2917 929 2977 fratris
950 2917 999 2977 tui
1019 2919 1162 2997 eloquen-

162 3023 225 3082 tiae
249 3022 407 3081 neminem
430 3022 488 3081 hoc
513 3027 652 3098 tempore
677 3027 831 3081 oratorem
850 3040 918 3082 esse
939 3025 1160 3100 contenderes3
1175 3039 1204 3084 25

163 3145 268 3205 eoque,
283 3127 384 3202 credo,
399 3126 556 3202 audacius,
572 3127 656 3204 quod
676 3127 885 3202 malignitatis
904 3127 1084 3205 opinionem
1099 3147 1163 3188 non

163 3231 330 3307 verebaris,
351 3249 421 3290 cum
445 3250 515 3291 eam
539 3231 680 3308 gloriam,
702 3251 796 3309 quam
817 3232 877 3293 tibi
902 3233 958 3293 alii
979 3235 1162 3311 concedunt,

164 3336 231 3413 ipse
246 3335 305 3396 tibi
319 3337 507 3412 denegares!

205 3447 213 3477 ‘
222 3443 332 3519 Neque
354 3441 458 3502 illius'
473 3441 577 3520 inquit
592 3442 760 3503 ‘sermonis
775 3442 836 3502 mei
850 3443 1076 3520 paenitentiam
1096 3463 1163 3520 ago,

164 3565 266 3624 neque
285 3552 340 3606 aut
359 3546 536 3606 Secundum
556 3552 611 3607 aut
630 3549 808 3607 Maternum
826 3553 880 3607 aut
894 3554 925 3608 te
939 3548 1052 3626 ipsum,
1068 3549 1163 3627 Aper,
1177 3563 1207 3609 3ο

166 3670 355 3729 quamquam
375 3651 533 3712 interdum
555 3651 590 3710 in
610 3651 801 3713 contrarium
820 3652 972 3730 disputes,
987 3654 1080 3714 aliter
1099 3673 1165 3715 sen-

166 3756 226 3816 tire
241 3757 341 3816 credo.
383 3756 431 3816 Ac
445 3756 541 3817 velim
562 3755 765 3835 impetratum
786 3757 826 3818 ab
846 3757 952 3836 aliquo
966 3765 1168 3834 vestrum,ut
