2790 4178
381 725 420 795 P.
457 724 694 798 CORNELII
729 724 900 798 TACITI

228 898 519 982 DIALOGUS
561 900 650 980 Du.
681 899 1048 988 ORATORIBUS.

572 1121 708 1148 -οοο-

541 1277 736 1326 Introduction.

183 1398 208 1458 1.
241 1399 338 1476 Saepe
360 1418 398 1458 ex
420 1417 469 1471 me
491 1398 635 1476 requiris,
654 1399 742 1458 Iuste
763 1399 851 1474 Fabi,
866 1417 929 1473 cur,
945 1418 1015 1458 oum
1036 1400 1140 1477 priora

138 1507 262 1569 saecula
274 1511 322 1564 tot
338 1504 542 1563 eminentium
557 1509 714 1563 oratorum
729 1504 864 1578 ingeniis
880 1504 1039 1582 gloriaque
1051 1505 1140 1564 floru-

138 1614 229 1687 erint,
239 1616 346 1670 nostra
356 1609 553 1686 potissimum
566 1615 652 1669 aetas
664 1610 788 1668 deserta
797 1615 830 1668 et
840 1609 932 1668 laude
943 1611 1139 1688 eloquentiae

138 1719 246 1778 orbata
265 1717 319 1775 vix
338 1734 451 1774 nomen
470 1715 573 1792 ipsum
594 1715 724 1775 oratoris
744 1715 886 1774 retineat.
929 1717 1040 1793 Neque
1055 1717 1138 1775 enim

137 1824 183 1883 ita
203 1821 397 1900 appellamus
422 1820 484 1878 nisi
511 1820 673 1897 antiquos:
698 1820 808 1878 horum
833 1826 938 1879 autem
962 1827 1166 1897 temporums

138 1928 257 2001 diserti,
272 1924 423 1986 causidici
437 1930 469 1983 et
484 1924 627 1984 advocati
647 1930 678 1983 61
697 1925 821 2002 patroni
839 1932 870 1983 61
887 1925 1013 2002 quidvis
1032 1927 1138 2002 potius

137 2016 230 2111 quam
248 2037 385 2091 oratores
399 2035 557 2089 vocantur.
602 2029 661 2089 Oui
680 2020 907 2107 percontationi
925 2036 998 2089 tuae
1016 2049 1139 2108 respon-

137 2140 209 2197 dere
231 2142 263 2196 et
283 2142 347 2196 tam
369 2152 499 2211 magnae
514 2134 706 2212 quaestionis
726 2136 847 2211 pondus
866 2134 1067 2212 exciperent
1084 2142 1139 2196 aut

137 2245 175 2303 de
190 2242 324 2318 ingeniis
343 2240 459 2301 nostris
480 2241 560 2299 male
580 2239 823 2299 existimandum
839 2241 889 2315 sit,
905 2241 932 2300 si
951 2241 1034 2299 idem
1054 2243 1139 2302 adse-

137 2349 192 2426 qui
213 2367 275 2407 non
296 2365 470 2424 possumus,
492 2351 546 2404 aut
569 2345 607 2404 de
628 2344 762 2419 iudiciis,
778 2345 805 2404 si
826 2345 980 2420 nolumus,
996 2346 1051 2404 vix
1072 2346 1177 2410 her-1(

137 2454 205 2513 culo
227 2453 382 2526 auderem,
398 2451 426 2511 si
446 2451 525 2509 mihi
547 2469 616 2509 mea
637 2450 793 2510 sententia
812 2450 1000 2527 proferenda
1020 2471 1054 2511 ao
1076 2471 1138 2511 non

137 2558 415 2619 disertissimorum
440 2561 475 2614 ut
499 2555 615 2616 nostris
637 2555 829 2632 temporibus
851 2555 1013 2614 hominum
1038 2576 1138 2616 sermo

137 2663 324 2741 repetendus
350 2666 440 2734 esset,
466 2679 544 2737 quos
569 2661 699 2719 eandem
723 2660 804 2718 hanc
832 2661 1045 2737 quaestionem
1073 2680 1138 2738 per-

136 2773 306 2828 tractantes
331 2765 453 2826 invenis
480 2764 647 2824 admodum
673 2764 787 2824 audivi.
841 2765 979 2824 Itanon
1003 2767 1137 2842 ingenie,

138 2874 193 2933 sed
214 2872 363 2931 memoria
384 2876 416 2929 et
437 2869 651 2929 recordatione
672 2888 750 2946 opus
772 2875 828 2944 est,
850 2875 894 2944 ut,
918 2889 996 2947 quae
1016 2890 1032 2930 6
1054 2891 1139 2948 prae·
1152 2889 1179 2934 15

137 2977 341 3039 stantissimis
357 2975 433 3035 viris
449 2981 480 3034 et
494 2975 670 3050 excogitata
685 2974 843 3034 subtiliter
858 2980 889 3034 61
903 2975 988 3035 diota
1002 2977 1139 3052 graviter

137 3083 254 3159 excepi,
270 3101 340 3140 oum
358 3080 474 3156 singuli
496 3080 635 3139 diversas
653 3079 719 3158 [vel
733 3079 873 3161 easdem]
891 3081 946 3140 sed
962 3082 1138 3158 probabiles

137 3207 245 3248 causas
267 3186 435 3261 adferrent,
459 3188 533 3246 dum
555 3186 688 3245 formam
710 3185 758 3245 sui
780 3186 912 3263 quisque
934 3192 965 3246 61
987 3188 1085 3247 animi
1107 3194 1139 3247 et
1252 3258 1255 3273 Ι
1366 3254 1377 3269 ,1

137 3291 256 3368 ingenii
271 3291 443 3366 redderent,
460 3291 559 3352 isdem
580 3309 661 3350 nuno
672 3276 999 3379 [numeris-isdemque
1014 3293 1139 3352 rationi·
1235 3274 1301 3337 2⁰³¹
1354 3272 1370 3287 Α

136 3400 194 3459 bus
209 3417 386 3477 persequar,
400 3403 523 3457 servato
538 3396 645 3455 ordine
661 3395 892 3472 disputationis.
929 3397 1039 3474 Neque
1054 3398 1136 3457 enim
1151 3413 1180 3458 20
1280 3390 1284 3398 ¹

137 3505 240 3564 defuit
255 3504 308 3582 qui
325 3503 480 3563 diversam
496 3520 617 3579 quoque
633 3507 754 3578 partem
769 3501 940 3578 susciperet
955 3520 989 3562 ac
1004 3504 1138 3562 multum

136 3616 250 3670 vexata
264 3616 296 3670 61
313 3609 411 3669 inrisa
425 3613 582 3667 vetustate
603 3612 779 3666 nostrorum
801 3611 975 3684 temporum
997 3608 1139 3686 eloquen-

137 3716 215 3776 tiam
231 3715 430 3793 antiquorum
446 3712 581 3788 ingeniis
596 3713 773 3772 anteferret.

637 3821 652 3870 l
