2790 4178
247 56 938 439 (11511ΜΟ

221 464 333 549 2.
337 413 427 544 111111
442 490 566 562 postero
580 483 631 543 die
643 503 737 561 quam
749 485 907 545 Curiatius
923 486 991 543 Mat
978 490 1084 548 ternus
1097 484 1155 544 Cat
1142 489 1247 542 tonem

39 572 75 598 '⁸
67 509 144 646 :53
159 534 243 631 35..
247 591 441 664 recitaverat,
461 609 531 648 511111
553 589 721 650 offendisse
742 589 919 667 potentium
940 589 1059 649 animos
1082 589 1246 663 diceretur,

247 702 408 772 tamquam
436 695 469 753 in
494 713 530 753 eo
553 695 732 769 tragoediae
761 700 944 770 argumento
969 694 1017 753 sui
1042 693 1158 753 oblitus
1181 699 1248 753 tan·

248 807 316 860 tum
331 803 478 860 Catonem
493 800 669 874 cogitasset,
684 818 782 876 eaque
799 800 837 858 de
857 818 889 858 re
906 818 962 876 per
977 792 1083 858 urbem
1099 798 1247 875 frequens

221 919 350 966 55511115
377 905 553 978 haberetur,
577 911 729 963 venerunt
757 905 797 963 ad
822 923 892 963 eum
917 906 960 962 M.
985 903 1071 980 Aper
1092 909 1124 962 et
1144 903 1247 964 11111115

251 1011 419 1084 Secundus,
435 1009 635 1069 celeberrima
653 1015 719 1068 tum
742 1009 868 1085 ingenia
888 1008 950 1068 fori
968 1008 1076 1082 nostri,
1093 1027 1170 1085 quos
1192 1026 1248 1083 ego

249 1122 397 1192 utrosque
422 1134 484 1173 non
508 1114 599 1172 modo
624 1114 656 1171 in
678 1114 804 1174 iudiciis
830 1113 969 1173 studiose
992 1113 1166 1187 audiebam,
1193 1114 1249 1172 sed

250 1221 335 1280 domi
359 1238 481 1297 quoque
504 1224 535 1278 51
560 1219 593 1276 in
615 1218 741 1296 publico
766 1219 947 1278 adsectabar
971 1218 1051 1277 mira
1074 1218 1248 1278 studiorum

250 1325 423 1403 cupiditate
438 1330 470 1383 et
484 1324 616 1401 quodam
635 1324 743 1383 ardore
766 1323 905 1398 iuvenili,
925 1329 962 1383 ut
981 1322 1104 1382 fabulas
1126 1342 1248 1401 quoque

210 1443 238 1488 10
251 1450 356 1490 eorum
371 1435 403 1489 et
417 1430 645 1506 disputationes
663 1434 695 1488 et
713 1447 826 1489 aroana
845 1433 980 1488 semotae
1000 1428 1145 1489 dictionis
1165 1428 1249 1506 peni·
1333 1426 1335 1431 ’

251 1542 302 1596 tus
327 1536 500 1612 exciperem
509 1516 537 1609 ;l
545 1534 688 1611 quamvis
716 1533 851 1609 maligne
877 1533 1018 1611 plerique
1046 1533 1249 1610 opinarentur

250 1659 306 1700 nec
322 1640 462 1700 Secundo
477 1645 657 1716 promptum
672 1657 738 1698 esse
754 1657 926 1698 sermonem
941 1645 973 1698 et
986 1638 1109 1716 Aprum
1124 1639 1249 1714 ingenio
1310 1650 1315 1659 ’

251 1747 355 1824 potius
371 1752 402 1804 et
418 1746 448 1804 vi
465 1751 594 1804 naturae
614 1763 707 1820 quarn
725 1743 923 1804 institutione
944 1749 975 1803 51
994 1743 1110 1803 11115115
1132 1745 1248 1804 famam
1318 1744 1320 1746 ’

251 1851 447 1929 eloquentiae
475 1855 683 1909 consecutum.
742 1850 825 1909 Nam
854 1855 885 1908 et
918 1849 1059 1909 Secundo
1090 1868 1187 1925 purus
1218 1855 1249 1908 et

210 1969 237 2013 15
251 1976 376 2033 pressus
398 1961 438 2030 51,
460 1955 493 2014 in
515 1960 666 2032 quantum
691 1960 740 2014 sat
741 1955 768 2014 is
790 1960 865 2029 erat,
887 1954 1044 2031 profluens
1066 1971 1166 2013 sermo
1187 1972 1249 2012 non

212 2060 363 2225 Jdefpit,
389 2067 420 2120 et
445 2061 530 2137 Aper
555 2060 640 2118 omni
664 2059 838 2123 eruditione
866 2059 1004 2118 imbutus
1033 2064 1104 2118 cont
1091 2058 1250 2118 temnebat

250 2186 290 2243 po
292 2167 354 2225 tius
382 2165 436 2224 litt
423 2170 505 2224 teras
534 2182 625 2240 quam
654 2164 821 2239 nesciebat,
847 2169 1007 2241 tamquam
1032 2146 1200 2222 maiorenl¹
1206 2150 1250 2220 111-

251 2270 390 2331 dustriae
411 2276 443 2329 et
464 2269 579 2328 laboris
602 2269 732 2344 gloriam
754 2269 927 2343 habiturus,
951 2269 978 2328 si
999 2268 1159 2344 ingenium
1181 2256 1247 2328 eius

251 2376 347 2435 nullis
362 2375 534 2434 alienarum
550 2374 665 2433 artium
680 2374 879 2434 adminiculis
894 2373 989 2432 inniti
1003 2373 1170 2432 videretur.

209 2492 238 2537 20
291 2480 319 2540 3.
349 2480 450 2555 Igitur
470 2485 506 2538 ut
527 2479 713 2539 intravimus
733 2478 909 2538 cubiculum
928 2478 1075 2552 Materni,
1091 2478 1249 2537 sedentem

251 2586 416 2664 ipsumque
440 2603 533 2661 quem
558 2584 659 2660 pridie
683 2584 869 2644 recitaverat
894 2582 1009 2642 librum
1033 2583 1115 2642 inter
1139 2602 1249 2643 manus

250 2691 422 2772 habentem
432 2688 701 2766 deprehendimus

290 2797 370 2854 Tum
396 2795 555 2861 Secundus
577 2794 724 2853 ‘Nihilne
747 2794 795 2853 te'
811 2793 923 2870 inquit,
940 2794 1108 2867 ‘Materne
1124 2792 1249 2852 fabulae

250 2900 456 2975 malignorum
469 2904 596 2972 terrent,
609 2917 670 2976 quo
681 2898 784 2958 minus
799 2898 934 2958 offensas
944 2897 1071 2958 Catonis
1084 2897 1131 2956 tui
1142 2899 1249 2957 ames?

208 3019 237 3064 25
251 3025 291 3064 an
315 3005 385 3064 ideo
409 2987 523 3063 nomm
550 3004 646 3064 istum
671 3003 914 3080 adprehendisti,
936 3009 972 3062 ut
996 3001 1179 3077 diligentius
1207 3019 1251 3060 re„

250 3115 401 3170 tractares
421 3116 461 3184 et,
482 3109 613 3169 sublatis
633 3108 660 3168 si
680 3127 741 3185 qua
760 3127 874 3185 pravae
889 3107 1142 3184 interpretationi
1157 3112 1251 3165 mate-

251 3215 329 3274 riam
344 3215 505 3289 dederunt,
524 3213 683 3273 emitteres
699 3214 848 3274 Catonern
863 3231 926 3271 non
940 3212 1066 3289 quidem
1080 3210 1249 3285 meliorem,

251 3320 306 3380 sed
320 3325 425 3379 tamen
440 3319 665 3378 securiorem?'

290 3427 368 3483 Tum
385 3424 440 3482 1115
456 3424 589 3499 ‘Leges'
604 3423 709 3500 inquit
724 3429 732 3458 ‘
741 3422 818 3500 quid
837 3424 1000 3481 Maternus
1020 3421 1080 3481 sibi
1097 3421 1249 3495 debuerit,

208 3536 282 3588 soet
307 3530 475 3604 adgnosces
501 3547 579 3606 quae
604 3528 729 3588 audisti.
772 3528 862 3598 Quod
890 3527 916 3586 si
946 3545 1008 3603 qua
1032 3526 1138 3587 omisit
1163 3527 1249 3601 Cato,

250 3634 394 3712 sequenti
416 3634 597 3693 recitatione
621 3633 774 3710 Thyestes
797 3633 896 3707 dicet3
926 3632 1006 3691 hanc
1029 3631 1112 3689 enim
1134 3637 1251 3706 tragoe-

250 3740 335 3804 diam
356 3740 496 3820 disposui
518 3739 579 3798 iam
601 3745 633 3798 et
654 3739 738 3799 intra
756 3758 805 3798 me
825 3739 893 3818 ipse
913 3737 1057 3812 formavi,
1073 3742 1165 3816 atque
1180 3736 1250 3796 ideo
