2790 4178
408 317 594 368 ornnoens
617 317 667 366 nn
691 317 930 368 oanronrssus
1130 310 1171 373 25

170 497 324 550 oratorem
352 490 463 566 vocari,
486 509 675 568 quamquam
703 491 736 549 in
764 509 877 566 magna
904 496 993 568 parte
1020 491 1171 552 librorum

170 615 295 656 suorum
317 597 388 674 plus
409 596 483 656 bilis
504 596 619 656 habeat
638 615 731 673 quam
753 596 932 671 sanguinis;
952 597 1072 673 primus
1087 598 1171 657 enim

169 707 348 779 contempto
376 702 484 760 ordine
512 720 624 776 rerum,
654 702 769 761 omissa
795 701 949 761 modestia
983 719 1018 761 ac
1052 703 1171 779 pudore

169 807 342 882 verborum,
357 807 436 884 ipsis
458 806 552 866 etiam
574 807 687 883 quibus
710 806 808 865 utitur
830 806 924 866 armis
945 806 1171 884 incompositus

169 916 201 970 et
222 912 327 971 studio
350 912 486 971 feriendi
512 910 694 988 plerumque
719 911 867 984 deiectus,
888 930 952 970 non
975 917 1095 988 pugnat
1116 913 1198 972 sede

169 1016 297 1076 rixatur.
341 1016 494 1090 Ceterum,
516 1022 552 1076 ut
581 1016 657 1090 dixi,
681 1016 883 1093 sequentibus
913 1022 1109 1093 comparatus
1139 1022 1171 1076 et

169 1121 320 1181 varietate
348 1121 534 1180 eruditionis
563 1125 595 1179 et
621 1120 726 1197 lepore
753 1121 942 1181 urbanitatis
971 1126 1003 1180 et
1030 1121 1171 1198 ipsarum

169 1226 284 1285 virium
299 1226 407 1285 robore
424 1225 558 1285 multum
575 1231 693 1285 ceteros
714 1231 849 1302 superat,
865 1244 994 1302 quorum
1013 1225 1170 1284 neminem

169 1330 255 1408 Aper
269 1331 430 1391 nominare
444 1336 476 1390 et
490 1331 577 1390 velut
595 1331 629 1388 in
646 1330 744 1389 aciem
759 1331 887 1389 educere
903 1330 1061 1390 sustinuit.
1104 1331 1171 1406 Ego

169 1442 272 1495 autem
294 1436 505 1513 expectabam,
519 1441 555 1494 ut
576 1435 719 1494 incusato
733 1434 845 1493 Asinio
860 1440 891 1493 et
906 1435 1011 1494 (laelio
1028 1440 1060 1494 et
1074 1435 1170 1495 Calvo
1185 1453 1212 1496 10

169 1540 256 1601 aliud
278 1541 369 1600 nobis
393 1559 505 1615 agmen
525 1540 710 1617 produceret
731 1539 898 1616 pluresque
920 1539 971 1598 vel
996 1545 1079 1599 certe
1101 1540 1171 1599 toti-

170 1646 240 1705 dem
258 1646 443 1720 nominaret,
458 1645 624 1722 exquibus
641 1644 738 1704 alium
756 1644 907 1719 Ciceroni,
923 1644 1019 1703 alium
1034 1645 1181 1748 Caesari,<

169 1751 303 1827 singulis
318 1751 431 1810 deinde
446 1750 585 1824 singulos
600 1769 833 1827 opponeremus.
873 1751 965 1808 Nunc
980 1750 1170 1809 detrectasse

169 1856 354 1916 nominatim
369 1856 515 1933 antiquos
530 1861 668 1915 oratores
687 1861 852 1914 contentus
871 1855 1027 1913 neminem
1043 1872 1171 1932 sequen-

169 1963 250 2020 tium
264 1961 392 2021 laudare
406 1980 500 2021 ausus
515 1966 572 2035 est,
588 1960 651 2019 nisi
671 1960 705 2018 in
725 1959 885 2036 publicum
901 1964 933 2018 et
949 1959 1168 2034 incommune,
1184 1976 1214 2051 113

169 2067 297 2141 veritus
313 2067 414 2141 credo,
429 2085 468 2125 ne
487 2065 601 2124 multos
623 2064 803 2138 offenderet,
820 2064 847 2123 si
867 2082 981 2141 paucos
1003 2064 1170 2142 excerpsis·
1201 2105 1204 2113 ·

171 2178 225 2232 set.
268 2173 387 2242 Quotus
410 2171 493 2230 enim
516 2170 648 2247 quisque
669 2169 926 2229 scholasticorum
950 2189 1012 2228 non
1034 2169 1094 2229 hac
1114 2188 1171 2230 sua

171 2277 369 2354 persuasione
388 2277 514 2349 fruitur,
535 2281 571 2334 ut
592 2294 625 2335 se
646 2282 718 2334 ante
740 2275 919 2334 Ciceronem
936 2280 1089 2349 numeret,
1109 2275 1170 2335 etsi

169 2382 262 2460 plane
277 2388 348 2459 post
363 2381 600 2442 Gabinianum?
641 2381 687 2439 At
708 2399 764 2455 ego
783 2399 845 2438 non
864 2379 992 2438 verebor
1009 2380 1170 2439 nominare

171 2486 319 2563 singulos,
340 2506 400 2563 quo
421 2486 548 2545 facilius
569 2485 739 2562 propositis
760 2483 912 2560 exemplis
934 2489 1083 2560 appareat
1104 2484 1170 2562 qui·
1182 2501 1212 2547 20

171 2589 227 2652 bus
243 2592 388 2666 gradibus
409 2592 510 2650 fracta
529 2591 570 2650 sit
587 2596 619 2649 et
638 2589 799 2648 deminuta
812 2588 1009 2666 eloquentia!

258 2779 400 2829 Maternus
417 2778 533 2827 reminds
550 2777 594 2826 tte
613 2775 732 2837 speaker
749 2775 781 2837 os
794 2775 836 2824 the
854 2775 936 2824 Poiat
953 2781 981 2825 ot
999 2776 1081 2826 Isaac.

210 2901 257 2962 27.
288 2902 419 2960 ‘Parce'
441 2900 545 2977 inquit
574 2901 737 2959 Maternus
760 2903 808 2957 ‘et
829 2899 934 2974 potius
957 2899 1082 2958 exsolve
1103 2919 1170 2977 pro-

170 3006 309 3066 missum.
345 3008 455 3083 Neque
468 3005 551 3064 enim
565 3005 623 3063 hoc
638 3004 743 3078 colligi
755 3003 977 3078 desideramus,
990 3004 1169 3064 disertiores

171 3131 238 3171 esse
253 3112 407 3188 antiquos,
423 3111 506 3187 quod
521 3111 604 3187 apud
623 3127 672 3167 me
686 3109 813 3186 quidem
833 3109 866 3166 in
885 3109 1028 3168 confesso
1043 3114 1099 3182 est,
1116 3109 1170 3168 sed

170 3236 280 3277 causas
295 3216 496 3293 exquirimus,
512 3234 589 3292 quas
604 3220 635 3273 te
651 3214 778 3274 solitum
793 3219 927 3273 tractare
942 3214 1061 3288 dixisti,
1077 3213 1171 3291 paulo
1184 3229 1211 3273 25

171 3328 244 3382 ante
266 3321 359 3399 plane
384 3321 488 3380 mitior
513 3326 545 3379 et
572 3320 768 3396 eloquentiae
792 3325 967 3396 temporum
994 3324 1171 3379 nostrorum

171 3429 276 3486 minus
290 3427 398 3500 iratus,
414 3431 581 3502 antequam
598 3431 629 3484 te
651 3424 737 3502 Aper
758 3425 930 3484 offenderet
949 3424 1081 3484 maiores
1100 3429 1171 3484 tuos

171 3533 371 3591 lacessendo!

213 3638 301 3696 ‘Non
317 3637 403 3696 sum’
418 3636 523 3713 inquit
539 3636 693 3695 ‘offensus
708 3634 786 3712 Apri
802 3635 863 3693 mei
879 3635 1100 3712 disputatione,
1115 3652 1172 3695 nec

173 3760 227 3802 vos
247 3742 364 3801 offendi
385 3742 515 3816 decebit,
534 3741 561 3800 si
580 3741 657 3817 quid
678 3741 759 3799 forte
779 3759 868 3800 aures
883 3746 1003 3800 vestras
1025 3739 1173 3818 perstrin-
1185 3759 1214 3806 30
